2940 4770
643 352 826 414 ,8.-

143 515 286 597 perantia
321 511 531 599 (ἐγκρατείᾳ),
560 535 656 596 quarn
685 513 834 577 virtutem
864 517 987 576 tantum
1017 515 1057 575 ad
1088 535 1136 577 res
1168 517 1324 596 gerendas

143 614 247 678 valere
276 614 499 678 existimaverit
521 614 677 692 Socrates,
708 617 744 677 ut
773 616 814 676 ad
840 636 907 677 earn
934 612 1099 677 colendam
1122 617 1153 677 et
1174 634 1230 677 suc
1253 613 1324 695 ipse

145 714 287 797 exemplo
316 718 346 778 et
373 714 569 779 sermonibus
594 714 748 777 institutis
774 713 845 777 illos
868 713 1025 778 cohortari
1047 735 1219 796 numquam
1241 714 1324 778 desi·

145 814 215 893 erit,
247 836 319 879 cum
347 813 548 896 Euthydemo
579 836 650 877 eum
680 812 757 877 facit
789 813 1002 895 disputantem
1028 811 1066 894 (c.
1088 812 1128 894 5).
1170 811 1265 892 Tum,
1286 819 1326 878 ut

144 913 466 997 διαλεκτικωτέρους
500 935 627 996 quoque
656 912 748 975 illurn
779 912 949 976 familiares
976 934 1050 976 suos
1076 912 1227 992 effecisse,
1254 914 1273 977 i.
1297 938 1324 980 e.

144 1019 243 1078 artem
267 1016 348 1078 bene
375 1017 406 1077 et
431 1017 515 1077 recte
543 1013 716 1076 disserendi
738 1013 882 1077 docuisse
904 1016 1066 1094 appareat,
1087 1035 1134 1090 ea,
1157 1034 1253 1095 quam
1275 1037 1325 1078 se-

145 1118 235 1179 cutus
259 1118 317 1193 est,
344 1113 517 1178 disserendi
538 1113 632 1188 ratio,
655 1112 705 1175 cui
726 1113 793 1193 ipse
814 1112 986 1194 plurimum
1008 1111 1155 1176 tribuisse
1177 1111 1325 1177 Socrates

143 1214 343 1295 praedicatur
368 1214 522 1294 (e.6,1),
554 1212 705 1293 exemplis
736 1211 859 1295 aliquot
889 1214 1121 1275 demonstratur
1148 1210 1325 1277 Socratica-

144 1336 214 1376 rum
236 1313 463 1391 definitionum,
485 1335 556 1377 cum
575 1311 799 1376 nonnullarum
817 1333 922 1374 rerum
936 1311 1080 1375 notiones
1096 1311 1234 1376 Socratis
1250 1335 1325 1377 cum

145 1415 254 1477 eodem
281 1411 481 1494 Euthydemo
512 1411 707 1477 sermonibus
739 1410 922 1493 diligentius
956 1411 1163 1492 explicantur,
1185 1410 1325 1495 reliqua-

144 1534 214 1575 rum
240 1511 422 1575 summatim
447 1511 640 1574 definiuntur
666 1510 704 1589 (c.
726 1516 757 1587 6,
780 1515 879 1574 2-11
909 1513 939 1572 et
965 1531 990 1572 c.
1014 1515 1045 1588 6,
1070 1510 1128 1591 12).
1170 1510 1324 1577 Extremo

144 1616 248 1675 autem
286 1614 396 1675 eodem
432 1611 533 1692 capite
567 1611 745 1692 exponitur,
782 1632 876 1691 quam
904 1610 1064 1692 ingressus
1091 1610 1132 1673 sit
1158 1610 1326 1675 refellendi

145 1711 339 1793 docendique
365 1711 530 1787 rationem,
558 1733 629 1774 cum
656 1714 710 1773 aut
732 1709 811 1772 alius
835 1708 905 1790 quis
928 1709 956 1771 ei
977 1709 1143 1773 oblocutus
1166 1715 1247 1774 esset
1268 1717 1326 1775 aut

143 1811 219 1892 ipse,
243 1809 403 1874 Socratem
425 1810 504 1889 dico,
527 1810 667 1874 oratione
689 1809 808 1891 aliquid
830 1814 1070 1891 persequeretur
1091 1808 1129 1891 (c.
1151 1816 1178 1887 6,
1201 1816 1325 1876 13—14

145 1913 175 1972 et
197 1931 222 1974 ο.
245 1914 271 1988 6,
297 1907 354 1992 15).
397 1909 514 1974 Contra
549 1909 682 1991 septimo
719 1908 820 1990 capite
856 1910 959 1972 verbis
989 1908 1178 1990 quibusdam
1207 1931 1325 1991 propo-

144 2009 212 2074 sitis
239 2011 279 2072 ad
305 2009 434 2073 secundi
460 2009 572 2092 capitis
598 2011 830 2092 paragraphum
857 2010 1130 2091 quadragesimam
1151 2008 1325 2073 referendis

143 2109 224 2172 illud
255 2131 382 2192 quoque
409 2107 531 2174 Socrati
562 2109 738 2172 ostenditur
764 2131 856 2172 curae
883 2108 992 2186 fuisse,
1022 2113 1057 2171 ut
1082 2107 1251 2171 familiares
1274 2107 1323 2171 sui

144 2211 209 2291 apti
230 2210 352 2286 fierent,
376 2208 431 2290 qui
450 2207 512 2290 ipsi
532 2231 589 2291 per
610 2231 643 2273 se
664 2207 782 2272 nullius
804 2209 984 2272 adiumento
1005 2231 1076 2271 suas
1098 2207 1197 2272 officii
1217 2211 1325 2289 partes

145 2312 388 2392 exsequerentur
424 2298 618 2392 (αὐτάρκεις
660 2305 696 2373 ἒν
737 2321 810 2385 ταῖς
850 2300 1097 2391 προσηκούσαις
1132 2298 1324 2390 πράξεσιν)

144 2431 224 2492 quae
246 2408 349 2470 virum
370 2410 490 2472 bonum
512 2410 592 2474 scire
614 2413 785 2491 oporteret,
808 2431 857 2486 ea,
880 2431 960 2490 quae
983 2408 1110 2490 quidem
1132 2407 1204 2489 ipse
1222 2407 1325 2485 sciret,

145 2508 380 2591 promptissimo
417 2531 489 2573 eum
524 2510 628 2574 animo
666 2509 823 2585 docuisse,
859 2529 939 2590 quae
975 2512 1081 2570 autem
1116 2508 1183 2589 ipse
1218 2506 1326 2571 minus

146 2609 359 2693 cognovisset,
391 2613 426 2673 ut
462 2609 626 2686 discerent,
663 2610 703 2670 ad
737 2607 855 2688 peritos
886 2629 939 2671 eos
974 2607 1140 2669 deduxisse
1174 2607 1211 2686 (c.
1234 2611 1260 2684 7,
1285 2605 1325 2687 1).

144 2709 252 2792 Atque
279 2714 431 2791 quatenus
464 2707 615 2790 cuiusque
642 2707 718 2770 artis
744 2707 903 2771 hominem
927 2709 1011 2769 recte
1036 2705 1216 2770 institutum
1242 2705 1326 2787 peri·

145 2814 213 2873 tum
241 2830 308 2873 esse
329 2812 497 2890 oporteret,
528 2807 562 2870 id
585 2829 710 2891 quoque
731 2830 802 2871 eum
824 2806 968 2870 docuisse
991 2805 1192 2889 geometriae,
1225 2810 1326 2869 astro-

146 2909 270 2974 nomiae
301 2908 465 2989 omnisque
496 2908 725 2992 physiologiae,
755 2907 969 2970 arithmeticae
1001 2906 1151 2988 exemplis
1186 2906 1326 2970 ostendi-

147 3014 209 3087 tur,
240 3030 311 3072 cnm
342 3008 382 3068 ad
410 3007 515 3088 ipsum
544 3008 627 3071 vitae
656 3031 748 3072 usum
775 3029 900 3070 omnem
926 3005 1089 3069 scientiam
1115 3013 1209 3088 atque
1232 3005 1326 3068 disci-

147 3109 265 3190 plinam
304 3106 349 3168 ita
390 3105 556 3186 exponitur
590 3107 682 3170 illum
720 3106 891 3185 rettulisse,
927 3111 963 3169 ut
1002 3128 1096 3188 supra
1130 3104 1208 3167 nihil
1243 3109 1326 3168 esset

148 3209 329 3271 discendum
351 3203 388 3288 (c.
412 3209 438 3282 7,
463 3204 564 3288 2—8).
606 3205 728 3269 Deinde
749 3206 937 3270 valetudinis
960 3205 1053 3268 etiam
1076 3227 1183 3268 curam
1205 3203 1326 3268 studio·

146 3307 267 3370 sissime
294 3325 366 3367 eum
392 3307 523 3369 docetur
548 3307 783 3368 commendasse
809 3305 846 3384 (c.
862 3312 889 3385 7,
904 3306 943 3386 9).
986 3305 1038 3368 Ad
1059 3309 1267 3387 postremum,
1297 3303 1325 3367 si

148 3405 217 3488 quis
246 3403 381 3468 maiores
409 3426 460 3469 res
489 3427 583 3487 quam
611 3425 669 3487 pro
691 3405 829 3467 humana
854 3405 1071 3488 intellegentia
1097 3407 1270 3486 appeteret,
1295 3403 1326 3467 ei

145 3505 245 3583 illum,
283 3507 320 3566 ut
356 3504 541 3568 divinationi
566 3525 695 3586 operam
721 3506 817 3583 daret,
844 3504 978 3568 suasisse
1006 3504 1131 3567 additur
1153 3503 1190 3584 (c.
1214 3508 1239 3580 7,
1265 3500 1325 3583 10).

146 3604 311 3670 Postremo
342 3603 417 3667 libri
445 3605 546 3686 eapite
577 3607 809 3668 demonstratur
840 3603 1013 3682 Socratem,
1045 3603 1119 3685 quia
1145 3602 1257 3684 eapitis
1284 3603 1324 3665 ab

147 3705 304 3769 iudicibus
331 3706 496 3768 damnatus
527 3704 579 3782 sit,
609 3703 726 3768 idcirco
757 3702 885 3766 minime
916 3703 1029 3768 erroris
1041 3702 1061 3784 ¹)
1091 3705 1129 3765 de
1157 3702 1324 3767 daemonio

233 3986 258 4053 1)
276 3985 426 4053 Postquam
449 3986 483 4038 ab
506 3984 586 4038 initio
608 4002 664 4037 non
686 3983 820 4046 dubitavi,
846 3983 911 4050 quin
933 3983 963 4036 in
986 3982 1074 4036 verbis
1097 3984 1129 4051 (c.
1148 3987 1172 4047 8,
1193 3987 1217 4050 1)
1236 3976 1327 4038 αὐτὸν

148 4067 317 4140 ἐλέγχεσθαι
344 4072 411 4141 περὶ
435 4076 488 4126 τοῦ
514 4070 662 4137 δαιμονίου
689 4063 867 4137 ψευδόμενον
892 4067 1056 4121 vocabulum
1082 4063 1243 4138 ψεύδεσθαι
1268 4083 1325 4120 non

147 4155 271 4221 mentiri,
293 4155 341 4210 sed
363 4155 424 4208 falli
447 4155 505 4208 sive
528 4170 617 4208 errare
640 4153 876 4221 interpretandum
895 4154 973 4216 esset,
991 4151 1062 4206 iuvit
1079 4170 1121 4207 me
1138 4152 1259 4219 aliquem
1277 4150 1326 4205 ho·

148 4239 252 4294 minem
279 4240 391 4294 doctum
419 4238 556 4304 invenire,
582 4238 629 4306 qui
656 4237 727 4291 illud
750 4237 862 4291 verbum
884 4236 914 4291 in
936 4237 1051 4291 eandem
1070 4236 1235 4291 sententiam
1254 4235 1324 4289 acei-

148 4327 225 4394 peret
252 4325 310 4394 (Th.
329 4325 401 4389 Birt,
428 4325 469 4379 Dc
491 4323 682 4394 Xenophontis
705 4321 969 4377 Commentariorum
992 4321 1191 4376 Socraticomm
1218 4336 1326 4390 compo-
