2940 4770
501 358 746 418 ,-.19..

358 519 516 600 quomodo
539 517 666 595 adierit,
690 518 792 581 aditos
815 519 1012 597 tractaverit,
1034 519 1236 602 Euthydemi,

357 617 566 680 adulescentis
593 617 660 681 sine
687 618 840 701 magistro
867 617 1059 699 reipublicae
1082 623 1235 702 gerendae

356 716 430 779 artis
458 736 591 800 gnarum
618 739 651 780 se
673 738 739 780 esse
763 717 940 800 gloriantis
964 717 1106 800 exemplo
1130 719 1235 802 copio-

357 816 421 878 sius
444 815 618 898 explicatur
639 814 677 896 (c.
693 821 720 892 2,
738 816 859 898 1-39).

404 932 536 996 Accedit
559 954 583 995 c.
606 939 633 1007 2,
653 939 700 998 40.

224 1063 257 1146 2)
280 1071 326 1128 De
345 1071 412 1146 pase
433 1071 618 1129 aristotelicae
640 1065 676 1147 (o.
693 1071 724 1144 3;
747 1073 779 1144 53
802 1074 833 1144 o;
857 1066 895 1145 7).

300 1181 329 1262 a)
351 1180 545 1264 Euthydemi
574 1185 614 1244 ad
645 1182 873 1264 rempublicam
900 1185 1124 1265 capessendam
1145 1184 1235 1247 insti-

354 1281 463 1345 tuendi
493 1280 636 1363 exemplo
663 1284 909 1356 demonstratur,
938 1305 1000 1365 qua
1031 1283 1152 1345 ratione
1180 1282 1236 1355 So-

358 1385 457 1445 crates
480 1381 694 1444 adulescentes

401 1498 431 1577 α)
455 1501 495 1560 ad
516 1498 665 1580 pietatem
687 1518 761 1580 erga
783 1501 858 1562 deos
881 1497 919 1579 (c.
935 1498 965 1580 3)
977 1499 1007 1580 ¹),

399 1599 431 1677 β)
454 1599 493 1659 ad
515 1596 754 1678 temperantiam
777 1596 814 1679 (c.
830 1596 871 1678 5),

400 1695 430 1778 y)
454 1699 493 1758 ad
523 1699 622 1759 artem
657 1696 736 1760 bene
767 1700 797 1760 et
827 1700 912 1760 recte
943 1696 1115 1760 disserendi
1149 1697 1186 1777 (c.
1209 1704 1237 1774 6,

456 1795 569 1876 1-12)
596 1832 637 1840 -
667 1798 826 1858 adduntur
854 1795 1007 1860 nonnulla
1034 1798 1071 1860 de
1099 1796 1236 1861 Socratis

455 1894 620 1958 refellendi
647 1895 842 1977 docendique
868 1896 989 1959 ratione
1016 1894 1053 1977 (c.
1069 1902 1096 1973 6,
1114 1901 1236 1962 13-14

457 1999 487 2057 et
511 1994 560 2074 15)
588 2030 619 2038 -
645 1993 827 2072 instituerit;

298 2111 330 2193 b)
353 2113 392 2172 ad
420 2115 593 2174 extremum
620 2109 753 2191 septimo
781 2112 880 2194 eapite
906 2111 940 2174 id
966 2132 1092 2193 quoque
1116 2110 1238 2176 Socrati

356 2233 448 2275 curae
478 2209 575 2274 fuisse
609 2209 795 2288 ostenditur,
832 2217 868 2273 ut
897 2210 1068 2273 familiares
1095 2211 1144 2274 sui
1171 2213 1237 2294 apti

358 2310 481 2387 fierent,
509 2309 564 2390 qui
589 2309 651 2390 ipsi
677 2330 733 2389 per
759 2331 792 2372 se
818 2310 936 2373 nullius
960 2310 1141 2373 adiumento
1164 2333 1236 2374 suas

357 2410 456 2474 officii
476 2413 581 2490 partes
605 2412 850 2489 exsequerentur
872 2408 909 2490 (c.
926 2415 952 2485 7,
971 2411 1011 2489 1);
1035 2414 1129 2492 atque

401 2526 433 2607 α)
457 2528 611 2608 quatenus
634 2523 786 2607 cuiusque
809 2525 883 2587 artis
905 2527 1065 2588 hominem
1087 2530 1170 2589 recte
1189 2526 1235 2589 in-

454 2625 599 2687 stitutum
621 2623 757 2704 peritum
780 2646 847 2687 esse
870 2628 1038 2706 oporteret,
1061 2624 1095 2686 id
1110 2647 1236 2707 quoque

451 2747 522 2787 eum
545 2723 689 2788 docuisse

478 2841 532 2923 αα)
556 2839 746 2923 geometriae
769 2838 806 2920 (c.
823 2847 850 2912 7,
867 2839 969 2921 2—3)‚

476 2939 532 3022 ββ)
555 2938 766 3003 astronomiae
793 2936 830 3020 (c.
851 2946 877 3017 7,
893 2941 986 3018 4-5)
1010 2940 1060 3020 (de
1082 2939 1235 3003 universis

553 3043 657 3102 autem
688 3037 827 3120 physicis
859 3037 935 3120 quid
967 3037 1110 3102 Socrates
1141 3039 1236 3101 tradi-

554 3138 648 3215 derit,
670 3137 881 3218 interponitur
903 3140 934 3199 et
955 3136 1163 3220 Anaxagorae
1186 3160 1237 3201 ex-

555 3237 658 3319 emplo
682 3236 857 3318 explicatur
877 3258 903 3300 c.
919 3242 945 3314 7,
961 3235 1064 3317 6-7),

484 3339 534 3423 γγ)
557 3336 771 3402 arithmeticae
808 3336 844 3417 (o.
875 3343 902 3414 7,
931 3336 962 3417 8)
1004 3337 1237 3399 demonstratur

553 3436 715 3518 exemplis3

400 3555 433 3636 β)
454 3554 565 3618 deinde
599 3550 791 3616 valetudinis
823 3572 949 3633 quoque
981 3573 1087 3615 curam
1118 3552 1237 3615 studio-

455 3653 576 3718 sissime
599 3674 671 3716 eum
694 3653 826 3715 docetur
846 3653 1079 3714 commendasse
1095 3650 1131 3731 (c.
1149 3657 1175 3729 7,
1190 3651 1237 3732 9);

400 3768 431 3853 γ)
453 3774 626 3852 postremo,
658 3769 685 3832 si
721 3768 791 3850 quis
820 3766 952 3831 maiores
982 3787 1031 3829 res
1061 3788 1154 3848 quam
1179 3788 1236 3848 pro

456 3869 592 3933 humana
622 3865 838 3950 intellegentia
869 3867 1042 3946 appeteret,
1079 3864 1107 3926 ei
1137 3864 1236 3941 illum,

453 3973 490 4031 ut
516 3966 702 4031 divinationi
725 3986 852 4047 operam
875 3967 971 4042 daret,
994 3963 1128 4027 suasisse
1151 3965 1238 4026 addi-

455 4071 508 4130 tur
529 4067 566 4149 (c.
590 4073 616 4144 7,
641 4067 698 4145 lo.)

141 4316 166 4381 1)
184 4315 224 4367 De
242 4319 339 4381 quarto
357 4314 447 4384 eapite
465 4315 499 4370 cf.
518 4334 542 4384 p.
561 4316 646 4383 9sqq.
