2940 4770
627 332 833 393 „14-

142 516 213 560 eum
249 495 354 560 animo
386 497 587 577 spectaverit,
623 498 703 571 tum,
733 496 767 558 id
798 496 883 577 quod
913 517 950 558 ex
980 494 1080 577 ipsius
1109 493 1325 579 Anaxagorae

143 595 286 677 exemplo
299 594 320 677 ¹)
342 599 485 678 apparet,
512 596 606 660 etiam
627 596 730 660 verbis
753 596 965 679 designaverit
986 599 1081 679 atque
1102 594 1324 660 nominaverit

142 694 211 759 Nec
237 718 310 759 vero
337 695 440 759 solum
461 720 480 758 a
501 700 666 779 corruptae
687 696 869 776 iuventutis,
891 698 946 760 sed
968 695 1064 759 etiam
1086 694 1125 759 ab
1146 694 1324 777 impietatis

143 794 272 859 crimine
297 799 333 858 ut
363 796 497 878 septimo
528 797 630 879 capite
663 795 823 861 Socratem
853 795 1045 874 defenderet,
1077 794 1324 877 Xenophontem

142 895 203 958 sibi
232 895 432 977 proposuisse
454 919 491 960 cx
513 918 550 961 eo
572 896 657 974 loco,
681 919 744 980 quo
767 919 847 979 quac
868 895 923 959 ille
946 897 983 959 de
1005 894 1158 959 universis
1179 894 1324 978 physicis

142 995 323 1058 tradidisset
352 995 473 1058 addidit
482 998 514 1077 ²),
549 996 716 1060 manifesto
748 1000 885 1079 apparet
931 993 1017 1059 Nam
1047 984 1132 1078 quod
1162 996 1203 1059 ab
1234 994 1325 1059 omni

143 1116 246 1158 rerum
274 1094 456 1159 caelestium
482 1097 736 1181 investigatione,
768 1096 917 1179 quoniam
938 1119 957 1158 a
976 1095 1024 1159 dis
1045 1096 1201 1159 humanae
1223 1094 1324 1159 menti

142 1194 321 1259 reconditae
348 1199 443 1278 atque
468 1196 628 1261 involutae
654 1197 789 1279 perspici
816 1217 918 1279 neque
943 1198 1074 1278 possent
1098 1216 1201 1277 neque
1229 1196 1324 1259 debe-

142 1298 221 1374 rent,
243 1293 403 1359 Socratem
425 1296 595 1360 familiares
617 1319 690 1362 suos
713 1299 861 1360 acerrime
883 1298 1082 1361 dehortatum
1104 1316 1172 1359 esso
1190 1293 1323 1372 rettulit,

143 1395 256 1458 mirum
286 1396 319 1458 in
349 1398 478 1459 modum
499 1395 532 1458 id
554 1397 701 1480 congruit
723 1419 795 1460 oum
815 1396 867 1474 iis,
895 1418 975 1479 quae
1001 1396 1068 1478 ipse
1090 1394 1269 1476 Xenophon
1288 1393 1324 1457 in

143 1495 244 1576 primo
271 1496 566 1560 commentariorum
593 1497 695 1578 capite
704 1496 727 1578 ³)
754 1499 793 1558 ad
816 1495 977 1560 Socratem
1003 1496 1041 1560 ab
1068 1495 1240 1578 impietatis
1262 1495 1323 1558 cri-

143 1594 227 1659 mine
249 1593 480 1658 defendendum
503 1596 654 1678 exposuit.
684 1597 905 1680 Anaxagoram
924 1617 1008 1674 vero,
1030 1596 1119 1659 cuius
1138 1593 1323 1677 exemplo⁴)‚

145 1717 224 1777 quae
245 1694 391 1759 Socrates
418 1698 456 1759 de
482 1696 534 1773 iis,
562 1696 617 1778 qui
642 1696 856 1778 physicarum,
884 1695 1038 1778 imprimis
1064 1694 1248 1759 caelestium
1276 1716 1325 1757 re·

144 1817 213 1858 rum
249 1797 393 1858 naturam
429 1796 488 1859 sibi
521 1796 771 1877 investigandam
803 1796 1053 1879 proposuissent,
1084 1798 1116 1858 et
1143 1794 1212 1877 ipse
1241 1794 1325 1858 iudi-

145 1900 246 1959 casset
268 1898 299 1958 et
320 1893 490 1958 familiares
513 1895 679 1973 docuisset,
701 1895 877 1960 accuratius
899 1895 1068 1978 explicavit
1088 1894 1274 1976 Xenophon,
1298 1894 1326 1959 si

145 1995 215 2079 quis
251 1995 454 2077 reputaverit,
490 2000 658 2077 postquam
698 2018 778 2058 unus
815 1996 955 2060 omnium
991 2017 1114 2059 summa
1149 1994 1325 2077 sapientiae

144 2094 236 2158 laude
264 2093 420 2158 excellens
448 2099 478 2158 et
507 2116 578 2158 oum
600 2093 721 2159 Pericle
743 2095 899 2159 artissimo
923 2094 1079 2158 amicitiae
1099 2093 1226 2157 vinculo
1250 2114 1326 2157 con·

143 2197 269 2259 iunctus
300 2214 448 2277 magnam
479 2194 561 2258 vitae
592 2200 713 2277 partem
734 2195 868 2258 Athenis
896 2194 995 2277 degit,
1024 2197 1184 2276 postremo
1212 2193 1327 2275 impie·

145 2295 219 2358 tatis
241 2299 422 2359 accusatum
444 2317 481 2358 er
504 2318 540 2359 ea
561 2296 639 2358 urbe
661 2295 817 2378 fugisse),
838 2293 967 2357 minime
990 2317 1061 2358 eum
1081 2297 1159 2376 puto
1179 2292 1326 2357 dubitare
1414 2368 1418 2375 ¹

145 2417 251 2478 posse,
279 2395 356 2478 quin
375 2393 556 2476 Xenophon
583 2416 654 2458 cum
676 2394 727 2473 iis,
754 2416 834 2477 quae
857 2396 894 2457 de
916 2394 1070 2458 universis
1094 2393 1326 2476 elegantiarum

146 2495 260 2559 artium
286 2495 398 2559 studiis
425 2493 584 2558 Socratem
617 2493 739 2558 rettulit
769 2495 924 2571 docuisse,
956 2498 1121 2576 corruptae
1142 2493 1325 2573 inventutis,

145 2601 213 2660 tum
242 2595 295 2673 iis,
328 2617 408 2678 quae
433 2593 559 2676 proprie
586 2597 624 2656 de
650 2594 840 2658 astronomia
867 2594 1016 2676 omnique
1041 2591 1243 2676 physiologia
1269 2592 1325 2656 ille

144 2695 333 2773 tradidisset,
354 2694 525 2777 impietatis
549 2716 675 2776 quoque
697 2693 777 2757 falso
801 2715 873 2756 cum
895 2697 1076 2757 accusatum
1099 2715 1166 2758 esse
1187 2691 1326 2756 voluerit

147 2798 367 2860 demonstrare.
417 2793 562 2877 Denique
597 2816 676 2876 quae
711 2793 745 2857 in
780 2798 918 2857 extremo
955 2792 1056 2875 capite
1089 2792 1222 2875 septimo
1232 2792 1255 2872 ⁶)
1288 2794 1327 2857 de

145 2895 290 2979 μαντικῇ
317 2894 479 2979 leguntur,
507 2915 699 2977 quamquam
724 2893 833 2976 negari
855 2916 918 2956 non
939 2896 1045 2974 potest
1067 2915 1102 2956 ea
1123 2878 1326 2974 potissimum

147 2998 185 3059 de
217 3017 311 3059 causa
339 3019 357 3058 a
379 2995 586 3077 Xenophonte
613 3015 649 3056 ea
675 2992 782 3055 addita
809 3015 888 3069 esse,
915 2998 950 3056 ut
971 2994 1044 3057 inde
1066 3014 1204 3075 quoque,
1228 3013 1326 3074 quam

145 3096 297 3159 iniustum
319 3096 431 3160 fuisset
451 3095 531 3158 illud
552 3098 717 3177 corruptae
738 3093 910 3157 iuventutis
930 3092 1054 3169 crimen,
1075 3095 1326 3175 cognosceretur,

146 3200 252 3260 tamen
278 3196 411 3259 alterum
437 3195 531 3259 simul
557 3218 627 3259 eum
654 3197 811 3277 spectasse
837 3195 954 3256 crimen
979 3191 1105 3274 publice
1130 3189 1266 3254 maxime
1293 3190 1327 3253 in

148 3295 308 3361 Socratem
335 3295 498 3374 collatum,
524 3295 551 3359 si
579 3295 706 3377 quidem
733 3315 813 3376 quae
839 3293 872 3355 in
899 3294 1007 3356 eodem
1029 3289 1326 3356 commentariorum

148 3396 249 3478 capite
275 3395 413 3478 primo⁷),
439 3400 475 3458 ut
501 3395 561 3459 hoe
586 3394 690 3476 ipsum
716 3392 887 3475 impietatis
914 3392 1031 3456 crimen
1058 3390 1200 3469 dilueret,
1221 3388 1326 3453 Xeno·

147 3498 232 3578 phon
258 3498 296 3558 de
319 3495 510 3559 divinatione
531 3493 675 3577 pluribus
698 3492 842 3576 exposuit
864 3491 979 3555 similia
1001 3488 1239 3573 comparaveris,
1261 3510 1327 3554 non

148 3596 251 3658 minus
273 3600 410 3677 apparet.
