2940 4770
202 1274 251 1337 De
278 1273 496 1354 Xenophontis
523 1271 820 1338 commentariorum
848 1269 1080 1335 Socraticorum
1109 1273 1164 1355 qui
1191 1274 1299 1337 dicun-

120 1379 172 1438 tur
192 1373 412 1438 Memorabilia
442 1371 624 1456 integritate
655 1394 726 1436 cum
754 1375 826 1434 ante
847 1369 1049 1435 Dindorfium
1076 1373 1168 1455 pauci
1196 1377 1300 1437 essent

120 1474 176 1557 qui
198 1472 390 1551 dubitarent,
416 1471 471 1535 ille
492 1472 611 1555 primus
638 1472 671 1535 in
692 1470 886 1553 praefatione
909 1471 1055 1537 editionis
1079 1471 1298 1551 Oxoniensis1)

119 1596 184 1637 non
213 1571 349 1635 minores
381 1571 484 1636 solum
514 1572 588 1635 libri
616 1575 734 1653 partae,
764 1593 873 1634 verum
901 1572 995 1635 etiam
1021 1577 1088 1636 tota
1111 1573 1214 1654 capita
1236 1595 1301 1637 non

121 1673 159 1736 ab
189 1673 259 1755 ipso
286 1672 494 1753 Xenophonte
525 1673 654 1754 scripta,
685 1674 740 1733 sed
770 1672 808 1733 ab
839 1669 909 1733 aliis
939 1676 1050 1753 postea
1080 1674 1202 1737 censuit
1233 1694 1300 1736 esse

121 1773 235 1836 addita.
272 1771 369 1836 Cuius
391 1770 578 1834 sententiam
600 1774 724 1834 secutus
748 1774 796 1834 est
810 1769 1053 1853 Schenlrelius2),
1076 1773 1131 1855 qui
1153 1777 1184 1835 et
1203 1795 1301 1836 novas

121 1873 229 1936 attulit
250 1893 372 1950 causae,
399 1892 454 1934 cur
480 1869 543 1934 loci
565 1894 583 1932 a
604 1870 770 1934 Dindorfio
796 1870 967 1952 improbati
993 1871 1193 1935 abiudicandi
1214 1872 1300 1934 vide-

120 1976 228 2035 rentur
254 1994 272 2032 a
298 1969 514 2052 Xenophonte,
541 1972 572 2032 et
596 1991 763 2033 numerum
787 1969 916 2034 illorum
939 1971 1081 2036 locorum
1106 1993 1170 2035 non
1191 1972 1301 2053 paucis

122 2071 217 2136 auxit.
259 2070 361 2134 Multo
383 2092 456 2134 vero
479 2069 582 2151 plura,
606 2090 701 2150 quam
722 2069 906 2133 Dindorfius
930 2075 960 2134 et
983 2069 1187 2135 Schenkelius
1209 2076 1300 2152 puta-

120 2175 241 2250 verunt,
263 2171 297 2233 in
319 2169 550 2233 commentariis
572 2169 674 2232 inesse
696 2172 750 2231 aut
771 2169 961 2251 interpolata
982 2174 1037 2233 aut
1061 2169 1187 2232 aliunde
1204 2170 1300 2234 inter·

121 2271 226 2352 posita
252 2292 308 2332 sua
333 2273 466 2350 uterque
491 2268 613 2332 ratione
639 2291 713 2331 usus
740 2272 772 2332 et
792 2269 843 2332 via
865 2273 1079 2333 demonstrare
1101 2269 1206 2332 conati
1227 2274 1301 2333 sunt

120 2368 314 2451 Krohnius3)
342 2372 373 2431 et
399 2367 652 2450 Hartmannuse).
695 2368 802 2451 Atque
832 2368 926 2432 etiam
959 2367 1159 2450 Gilbertus5),
1192 2392 1301 2452 quam-

122 2490 217 2550 quam
242 2471 373 2531 modum
399 2489 435 2531 ac
460 2490 627 2531 numerum
652 2468 795 2532 locorum
818 2491 874 2532 sua
896 2470 1050 2532 sententia
1071 2469 1299 2534 reiciendorum

121 2567 357 2650 angustioribus
383 2589 490 2631 rursus
517 2566 660 2631 terminis
683 2568 934 2650 circumscripsit,
956 2573 1062 2632 tamen
1084 2569 1159 2633 satis
1181 2568 1300 2633 multos

119 2668 214 2734 locos
239 2690 257 2729 a
282 2665 495 2748 Xenophonte
521 2667 711 2730 existimavit
742 2689 808 2730 esse
834 2668 1068 2732 abiudicandoa
1111 2668 1180 2745 Qua
1206 2670 1240 2732 in
1266 2692 1300 2732 re

119 2767 199 2830 illud
222 2771 268 2829 est
289 2765 413 2845 mirum,
435 2769 521 2848 quod
543 2771 691 2849 quartum
712 2767 847 2829 maxime
864 2768 1161 2832 commentariorum
1175 2768 1301 2844 lib'rum,

122 2870 160 2929 de
187 2888 249 2949 quo
276 2865 368 2930 nobis
395 2869 608 2948 quaerendum
635 2870 695 2944 est,
723 2889 831 2930 omnes
857 2866 906 2929 illi
933 2867 1075 2931 homines
1099 2868 1184 2933 docti
1204 2868 1300 2931 inter-

119 2964 334 3047 polationibus
356 2966 506 3028 refertum
529 2987 595 3028 esse
618 2969 819 3030 contendunt.
856 2965 958 3041 Quid?
989 2971 1081 3048 quod,
1105 2990 1176 3032 cum
1198 2967 1301 3032 Kroh·

121 3065 204 3143 niue,
236 3087 376 3129 summae
405 3065 566 3129 iudicandi
596 3066 776 3129 acerbitatis
809 3065 867 3143 vir,
899 3069 1003 3148 quarti
1033 3067 1107 3131 libri
1138 3067 1241 3148 capita
1270 3075 1300 3143 13

122 3171 149 3242 6,
168 3170 301 3242 13—153
334 3171 364 3246 73
396 3169 475 3243 8‚11
501 3166 540 3228 ab
571 3161 643 3248 ἐμοὶ
665 3167 726 3246 μὲν
749 3158 789 3248 δὴ
812 3166 970 3243 τοιοῦτος
994 3156 1083 3249 defi)
1111 3167 1178 3230 sine
1205 3167 1301 3230 dubio

206 3364 231 3432 1)
249 3362 437 3433 Xenophontis
459 3362 652 3416 Memorabilia
673 3363 800 3417 Socratis.
837 3363 877 3416 Ex
903 3363 1060 3417 recensione
1082 3366 1111 3418 et
1133 3382 1195 3416 cum
1218 3381 1300 3419 anno-

120 3447 274 3501 tationibus
296 3446 429 3502 Ludovici
447 3447 589 3510 Dindorfii,
608 3447 707 3501 Oxonii
725 3449 799 3513 1862,
818 3449 903 3518 praef.
921 3465 946 3518 p.
966 3449 1077 3516 Vlsqq;
1099 3448 1132 3503 cf.
1152 3449 1217 3503 edit.
1236 3451 1299 3503 tert.

120 3533 267 3596 emendat,
284 3530 393 3602 Lipsiae
412 3532 486 3599 1878,
504 3533 591 3600 praef.
610 3551 635 3602 p.
653 3531 699 3584 IX.

206 3618 232 3685 2)
250 3617 283 3670 Κ,
302 3616 434 3680 Schenkl,
461 3616 702 3686 Xenophontische
721 3615 847 3680 Studien,
875 3617 1126 3686 Sitzungsberichte
1149 3617 1196 3669 der
1214 3615 1300 3686 philo·

119 3699 438 3771 sophischhistorischen
455 3700 545 3754 Classe
564 3703 612 3754 der
623 3701 808 3754 Kaiserlichen
823 3701 977 3756 Akademie
997 3702 1044 3755 der
1057 3699 1301 3764 Wissenscheften,

121 3785 204 3840 Wien
223 3787 297 3850 1875,
315 3802 341 3855 p.
359 3786 392 3840 87
402 3802 461 3853 sqq.

207 3871 232 3936 3)
251 3873 283 3923 A.
303 3868 405 3934 Xrohn,
424 3869 553 3923 Sokrates
571 3870 627 3923 und
645 3870 806 3939 Xenophon,
825 3869 998 3936 Halle18753
1017 3870 1051 3922 ef.
1070 3868 1148 3937 impr.
1162 3886 1187 3938 p.
1201 3871 1248 3922 147
1259 3887 1300 3937 sq.

204 3956 231 4022 4)
250 3954 274 4008 J.
293 3954 316 4007 J.
336 3953 484 4019 Hartman,
503 3954 639 4007 Analecta
661 3954 877 4023 Xenophontas,
895 3953 1022 4022 Lugduni
1044 3953 1212 4006 Batavorum
1225 3954 1300 4014 1887,
1344 3991 1345 3995 =

121 4056 145 4108 p.
165 4040 215 4094 104
224 4055 282 4106 sqq.

207 4122 233 4191 5)
251 4122 441 4193 Xenophontis
452 4121 650 4177 Commentarii
662 4122 823 4191 recognovit
832 4122 961 4176 Walther
973 4122 1089 4186 Gilbert,
1106 4121 1191 4176 editio
1203 4121 1299 4189 maior,

121 4205 230 4276 Lipsiae
248 4207 322 4271 1888,
341 4207 474 4276 praefatio
492 4206 595 4261 critica.

205 4291 230 4359 6)
249 4291 283 4345 cf.
301 4290 380 4361 impr.
398 4291 415 4345 l.
434 4307 457 4345 c.
475 4308 500 4361 p.
520 4293 577 4346 148.
