<?xml version="1.0" encoding="UTF-8"?>
<!DOCTYPE html PUBLIC "-//W3C//DTD XHTML 1.0 Transitional//EN"
    "http://www.w3.org/TR/xhtml1/DTD/xhtml1-transitional.dtd">
<html xmlns="http://www.w3.org/1999/xhtml" xml:lang="en" lang="en">
 <head>
  <title>
</title>
<meta http-equiv="Content-Type" content="text/html;charset=utf-8" />
  <meta name='ocr-system' content='tesseract 3.04.00' />
  <meta name='ocr-capabilities' content='ocr_page ocr_carea ocr_par ocr_line ocrx_word'/>
</head>
<body>
  <div class='ocr_page' id='page_1' title='image "./xenophonquocons00schgoog_0022.png"; bbox 0 0 2940 4770; ppageno 0'>
   <div class='ocr_carea' id='block_1_1' title="bbox 602 386 805 445">
    <p class='ocr_par' dir='ltr' id='par_1_1' title="bbox 602 386 805 445">
     <span class='ocr_line' id='line_1_1' title="bbox 602 386 805 445; baseline 0 -20"><span class='ocrx_word' id='word_1_1' title='bbox 602 386 805 445; x_wconf 76' lang='lat'>..17-</span> 
     </span>
    </p>
   </div>
   <div class='ocr_carea' id='block_1_2' title="bbox 107 545 1296 3912">
    <p class='ocr_par' dir='ltr' id='par_1_2' title="bbox 107 545 1296 3912">
     <span class='ocr_line' id='line_1_2' title="bbox 112 545 1289 628; baseline -0.002 -18"><span class='ocrx_word' id='word_1_2' title='bbox 112 551 217 611; x_wconf 85' lang='lat' dir='ltr'>torum</span> <span class='ocrx_word' id='word_1_3' title='bbox 240 547 382 610; x_wconf 81' lang='lat' dir='ltr'>ordinem</span> <span class='ocrx_word' id='word_1_4' title='bbox 397 546 436 609; x_wconf 91' lang='lat' dir='ltr'>ab</span> <span class='ocrx_word' id='word_1_5' title='bbox 451 545 507 610; x_wconf 93' lang='lat' dir='ltr'>illo</span> <span class='ocrx_word' id='word_1_6' title='bbox 524 545 738 628; x_wconf 85' lang='lat' dir='ltr'>excogitatum</span> <span class='ocrx_word' id='word_1_7' title='bbox 754 567 820 609; x_wconf 92' lang='lat' dir='ltr'>esse</span> <span class='ocrx_word' id='word_1_8' title='bbox 843 550 1014 627; x_wconf 76' lang='lat' dir='ltr'>appareret,</span> <span class='ocrx_word' id='word_1_9' title='bbox 1029 549 1096 609; x_wconf 87' lang='lat' dir='ltr'>tam</span> <span class='ocrx_word' id='word_1_10' title='bbox 1110 545 1193 611; x_wconf 91' lang='lat' dir='ltr'>levia</span> <span class='ocrx_word' id='word_1_11' title='bbox 1207 551 1289 620; x_wconf 92' lang='lat' dir='ltr'>sunt,</span> 
     </span>
     <span class='ocr_line' id='line_1_3' title="bbox 113 643 1290 728; baseline 0 -20"><span class='ocrx_word' id='word_1_12' title='bbox 113 649 148 708; x_wconf 92' lang='lat' dir='ltr'>ut</span> <span class='ocrx_word' id='word_1_13' title='bbox 162 645 260 710; x_wconf 73' lang='lat' dir='ltr'>facile</span> <span class='ocrx_word' id='word_1_14' title='bbox 281 644 404 728; x_wconf 78' lang='lat' dir='ltr'><strong>possint</strong></span> <span class='ocrx_word' id='word_1_15' title='bbox 425 643 534 708; x_wconf 87' lang='lat' dir='ltr'>refelli.</span> <span class='ocrx_word' id='word_1_16' title='bbox 577 644 626 707; x_wconf 83' lang='lat' dir='ltr'>Ac</span> <span class='ocrx_word' id='word_1_17' title='bbox 651 645 787 726; x_wconf 88' lang='lat' dir='ltr'>primum</span> <span class='ocrx_word' id='word_1_18' title='bbox 814 644 941 727; x_wconf 90' lang='lat' dir='ltr'>quidem</span> <span class='ocrx_word' id='word_1_19' title='bbox 967 646 1000 708; x_wconf 90' lang='lat' dir='ltr'>id</span> <span class='ocrx_word' id='word_1_20' title='bbox 1020 647 1099 709; x_wconf 92' lang='lat' dir='ltr'>mihi</span> <span class='ocrx_word' id='word_1_21' title='bbox 1121 649 1290 710; x_wconf 87' lang='lat' dir='ltr'>admonen-</span> 
     </span>
     <span class='ocr_line' id='line_1_4' title="bbox 116 743 1291 827; baseline 0.001 -19"><span class='ocrx_word' id='word_1_22' title='bbox 116 749 190 808; x_wconf 92' lang='lat' dir='ltr'>dum</span> <span class='ocrx_word' id='word_1_23' title='bbox 213 749 268 823; x_wconf 92' lang='lat' dir='ltr'>est,</span> <span class='ocrx_word' id='word_1_24' title='bbox 290 745 337 824; x_wconf 89' lang='lat' dir='ltr'>iis,</span> <span class='ocrx_word' id='word_1_25' title='bbox 360 766 440 827; x_wconf 89' lang='lat' dir='ltr'>quae</span> <span class='ocrx_word' id='word_1_26' title='bbox 467 748 562 827; x_wconf 90' lang='lat' dir='ltr'>supra</span> <span class='ocrx_word' id='word_1_27' title='bbox 572 743 593 824; x_wconf 81' lang='lat'>1)</span> <span class='ocrx_word' id='word_1_28' title='bbox 617 745 654 806; x_wconf 89' lang='lat' dir='ltr'>de</span> <span class='ocrx_word' id='word_1_29' title='bbox 676 748 788 826; x_wconf 88' lang='lat' dir='ltr'>quarto</span> <span class='ocrx_word' id='word_1_30' title='bbox 820 743 931 826; x_wconf 87' lang='lat' dir='ltr'>capite,</span> <span class='ocrx_word' id='word_1_31' title='bbox 964 767 1026 827; x_wconf 90' lang='lat' dir='ltr'>quo</span> <span class='ocrx_word' id='word_1_32' title='bbox 1050 744 1187 809; x_wconf 85' lang='lat' dir='ltr'>Socratis</span> <span class='ocrx_word' id='word_1_33' title='bbox 1219 767 1291 810; x_wconf 92' lang='lat' dir='ltr'>cum</span> 
     </span>
     <span class='ocr_line' id='line_1_5' title="bbox 115 834 1291 929; baseline 0 -21"><span class='ocrx_word' id='word_1_34' title='bbox 115 834 233 927; x_wconf 81' lang='lat' dir='ltr'>Hippia</span> <span class='ocrx_word' id='word_1_35' title='bbox 255 843 588 927; x_wconf 86' lang='lat' dir='ltr'>sophistadisputatio</span> <span class='ocrx_word' id='word_1_36' title='bbox 620 844 806 921; x_wconf 75' lang='lat' dir='ltr'>continetur,</span> <span class='ocrx_word' id='word_1_37' title='bbox 836 844 976 926; x_wconf 83' lang='lat' dir='ltr'>exposui,</span> <span class='ocrx_word' id='word_1_38' title='bbox 1009 845 1104 909; x_wconf 89' lang='lat' dir='ltr'>simul</span> <span class='ocrx_word' id='word_1_39' title='bbox 1134 869 1177 924; x_wconf 91' lang='lat' dir='ltr'>ea,</span> <span class='ocrx_word' id='word_1_40' title='bbox 1209 867 1291 929; x_wconf 86' lang='lat' dir='ltr'>quae</span> 
     </span>
     <span class='ocr_line' id='line_1_6' title="bbox 112 944 1291 1028; baseline -0.001 -20"><span class='ocrx_word' id='word_1_41' title='bbox 112 944 339 1027; x_wconf 74' lang='lat' dir='ltr'>Dindorfius2),</span> <span class='ocrx_word' id='word_1_42' title='bbox 361 948 398 1008; x_wconf 91' lang='lat' dir='ltr'>ut</span> <span class='ocrx_word' id='word_1_43' title='bbox 417 945 523 1026; x_wconf 91' lang='lat' dir='ltr'>ipsum</span> <span class='ocrx_word' id='word_1_44' title='bbox 544 946 692 1026; x_wconf 87' lang='lat' dir='ltr'>quartum</span> <span class='ocrx_word' id='word_1_45' title='bbox 722 947 818 1025; x_wconf 88' lang='lat' dir='ltr'>caput</span> <span class='ocrx_word' id='word_1_46' title='bbox 845 965 916 1006; x_wconf 92' lang='lat' dir='ltr'>cum</span> <span class='ocrx_word' id='word_1_47' title='bbox 938 947 1075 1008; x_wconf 91' lang='lat' dir='ltr'>secundo</span> <span class='ocrx_word' id='word_1_48' title='bbox 1099 945 1291 1028; x_wconf 81' lang='lat' dir='ltr'>coniungen-</span> 
     </span>
     <span class='ocr_line' id='line_1_7' title="bbox 113 1042 1291 1129; baseline 0.002 -23"><span class='ocrx_word' id='word_1_49' title='bbox 113 1046 188 1107; x_wconf 91' lang='lat' dir='ltr'>dum</span> <span class='ocrx_word' id='word_1_50' title='bbox 211 1045 448 1129; x_wconf 75' lang='lat' dir='ltr'>demonstraret,</span> <span class='ocrx_word' id='word_1_51' title='bbox 470 1043 626 1116; x_wconf 86' lang='lat' dir='ltr'>disseruit,</span> <span class='ocrx_word' id='word_1_52' title='bbox 650 1042 725 1107; x_wconf 90' lang='lat' dir='ltr'>satis</span> <span class='ocrx_word' id='word_1_53' title='bbox 748 1065 815 1106; x_wconf 90' lang='lat' dir='ltr'>esse</span> <span class='ocrx_word' id='word_1_54' title='bbox 837 1043 981 1107; x_wconf 81' lang='lat' dir='ltr'>refutata.</span> <span class='ocrx_word' id='word_1_55' title='bbox 1025 1042 1092 1107; x_wconf 91' lang='lat' dir='ltr'>Iam</span> <span class='ocrx_word' id='word_1_56' title='bbox 1113 1067 1152 1107; x_wconf 89' lang='lat' dir='ltr'>ne</span> <span class='ocrx_word' id='word_1_57' title='bbox 1175 1043 1291 1108; x_wconf 82' lang='lat' dir='ltr'>Schen-</span> 
     </span>
     <span class='ocr_line' id='line_1_8' title="bbox 113 1142 1292 1226; baseline -0.001 -20"><span class='ocrx_word' id='word_1_58' title='bbox 113 1142 188 1206; x_wconf 87' lang='lat' dir='ltr'>kelii</span> <span class='ocrx_word' id='word_1_59' title='bbox 211 1145 323 1225; x_wconf 88' lang='lat' dir='ltr'>probes</span> <span class='ocrx_word' id='word_1_60' title='bbox 345 1143 540 1222; x_wconf 86' lang='lat' dir='ltr'>sententiam,</span> <span class='ocrx_word' id='word_1_61' title='bbox 563 1142 617 1225; x_wconf 92' lang='lat' dir='ltr'>qui</span> <span class='ocrx_word' id='word_1_62' title='bbox 640 1142 808 1224; x_wconf 87' lang='lat' dir='ltr'>septimum</span> <span class='ocrx_word' id='word_1_63' title='bbox 830 1146 925 1224; x_wconf 88' lang='lat' dir='ltr'>caput</span> <span class='ocrx_word' id='word_1_64' title='bbox 940 1143 1098 1226; x_wconf 86' lang='lat' dir='ltr'>adipsum</span> <span class='ocrx_word' id='word_1_65' title='bbox 1120 1146 1292 1208; x_wconf 88' lang='lat' dir='ltr'>secundum</span> 
     </span>
     <span class='ocr_line' id='line_1_9' title="bbox 114 1241 1291 1326; baseline -0.001 -21"><span class='ocrx_word' id='word_1_66' title='bbox 114 1243 347 1326; x_wconf 83' lang='lat' dir='ltr'>adiungendum</span> <span class='ocrx_word' id='word_1_67' title='bbox 361 1247 548 1326; x_wconf 83' lang='lat' dir='ltr'>sextumque</span> <span class='ocrx_word' id='word_1_68' title='bbox 563 1245 635 1325; x_wconf 91' lang='lat' dir='ltr'>post</span> <span class='ocrx_word' id='word_1_69' title='bbox 650 1242 818 1324; x_wconf 90' lang='lat' dir='ltr'>septimum</span> <span class='ocrx_word' id='word_1_70' title='bbox 832 1242 1033 1306; x_wconf 89' lang='lat' dir='ltr'>inserendum</span> <span class='ocrx_word' id='word_1_71' title='bbox 1049 1265 1115 1306; x_wconf 90' lang='lat' dir='ltr'>esse</span> <span class='ocrx_word' id='word_1_72' title='bbox 1130 1241 1291 1324; x_wconf 66' lang='lat' dir='ltr'>censuiti),</span> 
     </span>
     <span class='ocr_line' id='line_1_10' title="bbox 112 1341 1292 1425; baseline -0.002 -20"><span class='ocrx_word' id='word_1_73' title='bbox 112 1342 193 1406; x_wconf 93' lang='lat' dir='ltr'>illud</span> <span class='ocrx_word' id='word_1_74' title='bbox 213 1343 349 1425; x_wconf 90' lang='lat' dir='ltr'>primum</span> <span class='ocrx_word' id='word_1_75' title='bbox 372 1343 486 1419; x_wconf 88' lang='lat' dir='ltr'>obstat,</span> <span class='ocrx_word' id='word_1_76' title='bbox 510 1344 596 1425; x_wconf 94' lang='lat' dir='ltr'>quod</span> <span class='ocrx_word' id='word_1_77' title='bbox 618 1341 800 1405; x_wconf 87' lang='lat' dir='ltr'>assentienti</span> <span class='ocrx_word' id='word_1_78' title='bbox 822 1342 881 1405; x_wconf 90' lang='lat' dir='ltr'>tibi</span> <span class='ocrx_word' id='word_1_79' title='bbox 903 1342 935 1405; x_wconf 92' lang='lat' dir='ltr'>in</span> <span class='ocrx_word' id='word_1_80' title='bbox 957 1342 1017 1406; x_wconf 92' lang='lat' dir='ltr'>hoc</span> <span class='ocrx_word' id='word_1_81' title='bbox 1039 1364 1166 1425; x_wconf 90' lang='lat' dir='ltr'>quoque</span> <span class='ocrx_word' id='word_1_82' title='bbox 1188 1364 1292 1405; x_wconf 88' lang='lat' dir='ltr'>assen-</span> 
     </span>
     <span class='ocr_line' id='line_1_11' title="bbox 112 1440 1292 1526; baseline -0.002 -20"><span class='ocrx_word' id='word_1_83' title='bbox 112 1442 255 1506; x_wconf 89' lang='lat' dir='ltr'>tiendum</span> <span class='ocrx_word' id='word_1_84' title='bbox 276 1444 325 1521; x_wconf 90' lang='lat' dir='ltr'>sit,</span> <span class='ocrx_word' id='word_1_85' title='bbox 347 1445 451 1526; x_wconf 91' lang='lat' dir='ltr'>capita</span> <span class='ocrx_word' id='word_1_86' title='bbox 473 1442 601 1506; x_wconf 87' lang='lat' dir='ltr'>tertium</span> <span class='ocrx_word' id='word_1_87' title='bbox 624 1445 655 1505; x_wconf 88' lang='lat' dir='ltr'>et</span> <span class='ocrx_word' id='word_1_88' title='bbox 677 1442 823 1524; x_wconf 90' lang='lat' dir='ltr'>quintum</span> <span class='ocrx_word' id='word_1_89' title='bbox 845 1464 909 1507; x_wconf 94' lang='lat' dir='ltr'>non</span> <span class='ocrx_word' id='word_1_90' title='bbox 931 1443 970 1504; x_wconf 88' lang='lat' dir='ltr'>ab</span> <span class='ocrx_word' id='word_1_91' title='bbox 993 1442 1062 1524; x_wconf 91' lang='lat' dir='ltr'>ipso</span> <span class='ocrx_word' id='word_1_92' title='bbox 1084 1440 1292 1524; x_wconf 86' lang='lat' dir='ltr'>Xenophonte</span> 
     </span>
     <span class='ocr_line' id='line_1_12' title="bbox 114 1541 1293 1625; baseline -0.002 -20"><span class='ocrx_word' id='word_1_93' title='bbox 114 1542 238 1624; x_wconf 86' lang='lat' dir='ltr'>scripta,</span> <span class='ocrx_word' id='word_1_94' title='bbox 260 1544 315 1606; x_wconf 91' lang='lat' dir='ltr'>sed</span> <span class='ocrx_word' id='word_1_95' title='bbox 337 1546 376 1606; x_wconf 89' lang='lat' dir='ltr'>ab</span> <span class='ocrx_word' id='word_1_96' title='bbox 397 1542 460 1607; x_wconf 89' lang='lat' dir='ltr'>alio</span> <span class='ocrx_word' id='word_1_97' title='bbox 483 1564 546 1625; x_wconf 92' lang='lat' dir='ltr'>quo</span> <span class='ocrx_word' id='word_1_98' title='bbox 578 1564 645 1606; x_wconf 91' lang='lat' dir='ltr'>esse</span> <span class='ocrx_word' id='word_1_99' title='bbox 675 1541 869 1624; x_wconf 88' lang='lat' dir='ltr'>interposita,</span> <span class='ocrx_word' id='word_1_100' title='bbox 891 1541 924 1604; x_wconf 91' lang='lat' dir='ltr'>id</span> <span class='ocrx_word' id='word_1_101' title='bbox 955 1545 1041 1623; x_wconf 93' lang='lat' dir='ltr'>quod</span> <span class='ocrx_word' id='word_1_102' title='bbox 1061 1564 1153 1606; x_wconf 89' lang='lat' dir='ltr'>nemo</span> <span class='ocrx_word' id='word_1_103' title='bbox 1177 1563 1293 1612; x_wconf 88' lang='lat' dir='ltr'>eorum,</span> 
     </span>
     <span class='ocr_line' id='line_1_13' title="bbox 114 1641 1293 1725; baseline -0.002 -22"><span class='ocrx_word' id='word_1_104' title='bbox 114 1642 169 1724; x_wconf 92' lang='lat' dir='ltr'>qui</span> <span class='ocrx_word' id='word_1_105' title='bbox 200 1641 376 1706; x_wconf 81' lang='lat' dir='ltr'>accuratius</span> <span class='ocrx_word' id='word_1_106' title='bbox 406 1645 445 1706; x_wconf 91' lang='lat' dir='ltr'>de</span> <span class='ocrx_word' id='word_1_107' title='bbox 476 1646 588 1725; x_wconf 87' lang='lat' dir='ltr'>quarto</span> <span class='ocrx_word' id='word_1_108' title='bbox 619 1641 700 1705; x_wconf 92' lang='lat' dir='ltr'>libro</span> <span class='ocrx_word' id='word_1_109' title='bbox 732 1643 953 1720; x_wconf 87' lang='lat' dir='ltr'>disseruerunt,</span> <span class='ocrx_word' id='word_1_110' title='bbox 983 1643 1060 1705; x_wconf 91' lang='lat' dir='ltr'>satis</span> <span class='ocrx_word' id='word_1_111' title='bbox 1087 1642 1179 1705; x_wconf 88' lang='lat' dir='ltr'>certis</span> <span class='ocrx_word' id='word_1_112' title='bbox 1201 1659 1293 1723; x_wconf 83' lang='lat' dir='ltr'>argu-</span> 
     </span>
     <span class='ocr_line' id='line_1_14' title="bbox 113 1740 1294 1823; baseline -0.001 -20"><span class='ocrx_word' id='word_1_113' title='bbox 113 1742 227 1804; x_wconf 84' lang='lat' dir='ltr'>mentis</span> <span class='ocrx_word' id='word_1_114' title='bbox 249 1741 482 1804; x_wconf 90' lang='lat' dir='ltr'>demonstravit.</span> <span class='ocrx_word' id='word_1_115' title='bbox 511 1740 634 1805; x_wconf 89' lang='lat' dir='ltr'>Deinde</span> <span class='ocrx_word' id='word_1_116' title='bbox 650 1763 841 1823; x_wconf 90' lang='lat' dir='ltr'>quamquam</span> <span class='ocrx_word' id='word_1_117' title='bbox 860 1743 1095 1805; x_wconf 90' lang='lat' dir='ltr'>concedendum</span> <span class='ocrx_word' id='word_1_118' title='bbox 1118 1744 1165 1804; x_wconf 88' lang='lat' dir='ltr'>est</span> <span class='ocrx_word' id='word_1_119' title='bbox 1186 1741 1294 1803; x_wconf 88' lang='lat' dir='ltr'>verba:</span> 
     </span>
     <span class='ocr_line' id='line_1_15' title="bbox 107 1826 1293 1924; baseline 0 -21"><span class='ocrx_word' id='word_1_120' title='bbox 107 1828 179 1904; x_wconf 77' lang='grc' dir='ltr'>οΟτι</span> <span class='ocrx_word' id='word_1_121' title='bbox 200 1839 262 1922; x_wconf 82' lang='grc' dir='ltr'>μὲν</span> <span class='ocrx_word' id='word_1_122' title='bbox 284 1826 348 1904; x_wconf 80' lang='grc' dir='ltr'>οὖν</span> <span class='ocrx_word' id='word_1_123' title='bbox 370 1830 489 1917; x_wconf 73' lang='grc' dir='ltr'><em>ἄπλοος</em></span> <span class='ocrx_word' id='word_1_124' title='bbox 504 1833 568 1924; x_wconf 80' lang='grc' dir='ltr'>τὴν</span> <span class='ocrx_word' id='word_1_125' title='bbox 583 1834 706 1905; x_wconf 74' lang='grc' dir='ltr'><em>ἑαυτοῦ</em></span> <span class='ocrx_word' id='word_1_126' title='bbox 727 1836 865 1923; x_wconf 78' lang='grc' dir='ltr'>γνώμην</span> <span class='ocrx_word' id='word_1_127' title='bbox 881 1831 1088 1921; x_wconf 74' lang='grc' dir='ltr'><em>ἀπεφαίνετο</em></span> <span class='ocrx_word' id='word_1_128' title='bbox 1104 1830 1293 1922; x_wconf 77' lang='grc' dir='ltr'><strong><em>Σωκράτης</em></strong></span> 
     </span>
     <span class='ocr_line' id='line_1_16' title="bbox 116 1929 1294 2023; baseline -0.002 -19"><span class='ocrx_word' id='word_1_129' title='bbox 116 1931 202 2023; x_wconf 80' lang='grc' dir='ltr'><em>πρὸς</em></span> <span class='ocrx_word' id='word_1_130' title='bbox 225 1933 305 2014; x_wconf 79' lang='grc' dir='ltr'><em>τοὺς</em></span> <span class='ocrx_word' id='word_1_131' title='bbox 328 1929 530 2022; x_wconf 74' lang='grc' dir='ltr'><em>ὁμιλοῦντας</em></span> <span class='ocrx_word' id='word_1_132' title='bbox 552 1932 658 2023; x_wconf 74' lang='grc' dir='ltr'><em>αὐτῷ,</em></span> <span class='ocrx_word' id='word_1_133' title='bbox 683 1963 707 2004; x_wconf 90' lang='lat' dir='ltr'>c.</span> <span class='ocrx_word' id='word_1_134' title='bbox 731 1945 792 2014; x_wconf 80' lang='lat' dir='ltr'>v‚1</span> <span class='ocrx_word' id='word_1_135' title='bbox 817 1942 857 2002; x_wconf 89' lang='lat' dir='ltr'>ad</span> <span class='ocrx_word' id='word_1_136' title='bbox 878 1942 973 2003; x_wconf 92' lang='lat' dir='ltr'>verba</span> <span class='ocrx_word' id='word_1_137' title='bbox 995 1961 1020 2003; x_wconf 90' lang='lat' dir='ltr'>c.</span> <span class='ocrx_word' id='word_1_138' title='bbox 1040 1944 1066 2017; x_wconf 84' lang='lat'>2,</span> <span class='ocrx_word' id='word_1_139' title='bbox 1083 1944 1134 2005; x_wconf 79' lang='lat'>40:</span> <span class='ocrx_word' id='word_1_140' title='bbox 1166 1929 1294 2003; x_wconf 74' lang='grc' dir='ltr'><em>ἁπλού-</em></span> 
     </span>
     <span class='ocr_line' id='line_1_17' title="bbox 114 2037 1294 2123; baseline 0 -21"><span class='ocrx_word' id='word_1_141' title='bbox 114 2055 222 2104; x_wconf 86' lang='grc' dir='ltr'><em>στατα</em></span> <span class='ocrx_word' id='word_1_142' title='bbox 243 2041 300 2104; x_wconf 83' lang='grc' dir='ltr'>καὶ</span> <span class='ocrx_word' id='word_1_143' title='bbox 321 2038 516 2121; x_wconf 82' lang='grc' dir='ltr'><em>σαφέστατα</em></span> <span class='ocrx_word' id='word_1_144' title='bbox 538 2038 709 2123; x_wconf 78' lang='grc' dir='ltr'><em>ἐξηγεῖτο.</em></span> <span class='ocrx_word' id='word_1_145' title='bbox 731 2091 738 2103; x_wconf 94' lang='grc'><strong>.</strong></span> <span class='ocrx_word' id='word_1_146' title='bbox 760 2088 767 2102; x_wconf 92' lang='grc'><strong>.</strong></span> <span class='ocrx_word' id='word_1_147' title='bbox 789 2042 950 2103; x_wconf 87' lang='lat' dir='ltr'>referenda</span> <span class='ocrx_word' id='word_1_148' title='bbox 972 2060 1046 2117; x_wconf 89' lang='lat' dir='ltr'>esse,</span> <span class='ocrx_word' id='word_1_149' title='bbox 1071 2042 1178 2102; x_wconf 88' lang='lat' dir='ltr'>tamen</span> <span class='ocrx_word' id='word_1_150' title='bbox 1199 2037 1294 2102; x_wconf 85' lang='lat' dir='ltr'>Hart-</span> 
     </span>
     <span class='ocr_line' id='line_1_18' title="bbox 114 2139 1295 2222; baseline -0.003 -21"><span class='ocrx_word' id='word_1_151' title='bbox 114 2141 279 2222; x_wconf 75' lang='lat' dir='ltr'>mannus4)</span> <span class='ocrx_word' id='word_1_152' title='bbox 307 2142 391 2203; x_wconf 88' lang='lat' dir='ltr'>recte</span> <span class='ocrx_word' id='word_1_153' title='bbox 417 2139 496 2201; x_wconf 90' lang='lat' dir='ltr'>vidit</span> <span class='ocrx_word' id='word_1_154' title='bbox 521 2139 715 2220; x_wconf 87' lang='lat' dir='ltr'>ineptissime</span> <span class='ocrx_word' id='word_1_155' title='bbox 741 2143 813 2221; x_wconf 87' lang='lat' dir='ltr'>post</span> <span class='ocrx_word' id='word_1_156' title='bbox 839 2142 1010 2201; x_wconf 89' lang='lat' dir='ltr'>secundum</span> <span class='ocrx_word' id='word_1_157' title='bbox 1035 2141 1129 2220; x_wconf 91' lang='lat' dir='ltr'>caput</span> <span class='ocrx_word' id='word_1_158' title='bbox 1150 2141 1295 2200; x_wconf 88' lang='lat' dir='ltr'>secutura</span> 
     </span>
     <span class='ocr_line' id='line_1_19' title="bbox 116 2224 1295 2325; baseline -0.003 -23"><span class='ocrx_word' id='word_1_159' title='bbox 116 2261 183 2302; x_wconf 90' lang='lat' dir='ltr'>esse</span> <span class='ocrx_word' id='word_1_160' title='bbox 205 2238 261 2302; x_wconf 89' lang='lat' dir='ltr'>illa</span> <span class='ocrx_word' id='word_1_161' title='bbox 282 2239 384 2316; x_wconf 90' lang='lat' dir='ltr'>verba,</span> <span class='ocrx_word' id='word_1_162' title='bbox 407 2259 487 2320; x_wconf 91' lang='lat' dir='ltr'>quae</span> <span class='ocrx_word' id='word_1_163' title='bbox 509 2238 542 2301; x_wconf 90' lang='lat' dir='ltr'>in</span> <span class='ocrx_word' id='word_1_164' title='bbox 565 2238 676 2320; x_wconf 90' lang='lat' dir='ltr'>capitis</span> <span class='ocrx_word' id='word_1_165' title='bbox 699 2239 824 2320; x_wconf 88' lang='lat' dir='ltr'>septimi</span> <span class='ocrx_word' id='word_1_166' title='bbox 845 2238 935 2325; x_wconf 89' lang='lat' dir='ltr'>initio</span> <span class='ocrx_word' id='word_1_167' title='bbox 957 2237 1121 2320; x_wconf 83' lang='lat' dir='ltr'>leguntur:</span> <span class='ocrx_word' id='word_1_168' title='bbox 1139 2224 1213 2301; x_wconf 76' lang='lat' dir='ltr'>“Oct</span> <span class='ocrx_word' id='word_1_169' title='bbox 1234 2237 1295 2317; x_wconf 81' lang='grc' dir='ltr'>μὲν</span> 
     </span>
     <span class='ocr_line' id='line_1_20' title="bbox 116 2323 1294 2421; baseline -0.003 -19"><span class='ocrx_word' id='word_1_170' title='bbox 116 2323 179 2403; x_wconf 80' lang='grc' dir='ltr'>οὖν</span> <span class='ocrx_word' id='word_1_171' title='bbox 210 2327 329 2412; x_wconf 66' lang='grc' dir='ltr'><em>ἁπλαῖς</em></span> <span class='ocrx_word' id='word_1_172' title='bbox 459 2328 562 2421; x_wconf 76' lang='grc' dir='ltr'><em>αὐτῷ,</em></span> <span class='ocrx_word' id='word_1_173' title='bbox 596 2339 689 2403; x_wconf 82' lang='grc' dir='ltr'><em>δοκεῖ</em></span> <span class='ocrx_word' id='word_1_174' title='bbox 716 2361 773 2420; x_wconf 95' lang='grc' dir='ltr'>μοι</span> <span class='ocrx_word' id='word_1_175' title='bbox 804 2338 909 2421; x_wconf 75' lang='grc' dir='ltr'><em>δῆλον</em></span> <span class='ocrx_word' id='word_1_176' title='bbox 943 2335 978 2400; x_wconf 73' lang='grc' dir='ltr'>ὲκ</span> <span class='ocrx_word' id='word_1_177' title='bbox 1009 2338 1083 2402; x_wconf 79' lang='grc' dir='ltr'>τῶν</span> <span class='ocrx_word' id='word_1_178' title='bbox 1111 2335 1294 2418; x_wconf 80' lang='grc' dir='ltr'><em>εἰρημένων</em></span> 
     </span>
     <span class='ocr_line' id='line_1_21' title="bbox 115 2428 1294 2519; baseline -0.002 -18"><span class='ocrx_word' id='word_1_179' title='bbox 115 2431 210 2513; x_wconf 83' lang='grc' dir='ltr'><em>εἶναι,</em></span> <span class='ocrx_word' id='word_1_180' title='bbox 232 2441 397 2519; x_wconf 89' lang='lat' dir='ltr'>propterea</span> <span class='ocrx_word' id='word_1_181' title='bbox 428 2439 513 2519; x_wconf 87' lang='lat' dir='ltr'>quod</span> <span class='ocrx_word' id='word_1_182' title='bbox 539 2437 646 2500; x_wconf 91' lang='lat' dir='ltr'>verba:</span> <span class='ocrx_word' id='word_1_183' title='bbox 677 2428 898 2502; x_wconf 67' lang='lat' dir='ltr'>sicioniorum</span> <span class='ocrx_word' id='word_1_184' title='bbox 924 2437 979 2500; x_wconf 86' lang='grc' dir='ltr'>καὶ</span> <span class='ocrx_word' id='word_1_185' title='bbox 1006 2436 1201 2519; x_wconf 82' lang='grc' dir='ltr'><em>σαφέστατα</em></span> <span class='ocrx_word' id='word_1_186' title='bbox 1223 2433 1294 2518; x_wconf 76' lang='grc' dir='ltr'><em>ἐξη-</em></span> 
     </span>
     <span class='ocr_line' id='line_1_22' title="bbox 117 2535 1295 2620; baseline -0.003 -20"><span class='ocrx_word' id='word_1_187' title='bbox 117 2550 207 2619; x_wconf 78' lang='grc' dir='ltr'><em>γεῖτο</em></span> <span class='ocrx_word' id='word_1_188' title='bbox 223 2586 230 2600; x_wconf 92' lang='grc'><strong>.</strong></span> <span class='ocrx_word' id='word_1_189' title='bbox 246 2581 277 2600; x_wconf 89' lang='grc'>..</span> <span class='ocrx_word' id='word_1_190' title='bbox 300 2539 340 2599; x_wconf 90' lang='lat' dir='ltr'>ad</span> <span class='ocrx_word' id='word_1_191' title='bbox 361 2536 441 2599; x_wconf 90' lang='lat' dir='ltr'>illud</span> <span class='ocrx_word' id='word_1_192' title='bbox 463 2536 566 2601; x_wconf 91' lang='lat' dir='ltr'>solum</span> <span class='ocrx_word' id='word_1_193' title='bbox 587 2541 721 2620; x_wconf 90' lang='lat' dir='ltr'>tempus,</span> <span class='ocrx_word' id='word_1_194' title='bbox 744 2560 782 2601; x_wconf 86' lang='lat' dir='ltr'>ex</span> <span class='ocrx_word' id='word_1_195' title='bbox 797 2559 859 2619; x_wconf 89' lang='lat' dir='ltr'>quo</span> <span class='ocrx_word' id='word_1_196' title='bbox 882 2536 1098 2599; x_wconf 83' lang='lat' dir='ltr'>adulescentes</span> <span class='ocrx_word' id='word_1_197' title='bbox 1119 2540 1155 2598; x_wconf 94' lang='lat' dir='ltr'>ut</span> <span class='ocrx_word' id='word_1_198' title='bbox 1172 2535 1295 2616; x_wconf 81' lang='lat' dir='ltr'>Euthy-</span> 
     </span>
     <span class='ocr_line' id='line_1_23' title="bbox 116 2635 1295 2719; baseline -0.002 -21"><span class='ocrx_word' id='word_1_199' title='bbox 116 2638 225 2698; x_wconf 91' lang='lat' dir='ltr'>demus</span> <span class='ocrx_word' id='word_1_200' title='bbox 248 2635 388 2699; x_wconf 91' lang='lat' dir='ltr'>discendi</span> <span class='ocrx_word' id='word_1_201' title='bbox 410 2658 504 2700; x_wconf 91' lang='lat' dir='ltr'>causa</span> <span class='ocrx_word' id='word_1_202' title='bbox 524 2641 609 2701; x_wconf 89' lang='lat' dir='ltr'>totos</span> <span class='ocrx_word' id='word_1_203' title='bbox 625 2659 658 2700; x_wconf 89' lang='lat' dir='ltr'>se</span> <span class='ocrx_word' id='word_1_204' title='bbox 673 2639 712 2699; x_wconf 91' lang='lat' dir='ltr'>ad</span> <span class='ocrx_word' id='word_1_205' title='bbox 735 2636 895 2701; x_wconf 84' lang='lat' dir='ltr'>Socratem</span> <span class='ocrx_word' id='word_1_206' title='bbox 911 2637 1153 2719; x_wconf 84' lang='lat' dir='ltr'>applicaverant,</span> <span class='ocrx_word' id='word_1_207' title='bbox 1176 2657 1240 2698; x_wconf 92' lang='lat' dir='ltr'>non</span> <span class='ocrx_word' id='word_1_208' title='bbox 1255 2637 1295 2696; x_wconf 90' lang='lat' dir='ltr'>ad</span> 
     </span>
     <span class='ocr_line' id='line_1_24' title="bbox 116 2734 1294 2819; baseline -0.001 -22"><span class='ocrx_word' id='word_1_209' title='bbox 116 2735 217 2816; x_wconf 91' lang='lat' dir='ltr'>ipsam</span> <span class='ocrx_word' id='word_1_210' title='bbox 240 2735 485 2817; x_wconf 86' lang='lat' dir='ltr'>disputationem</span> <span class='ocrx_word' id='word_1_211' title='bbox 507 2758 531 2800; x_wconf 94' lang='lat' dir='ltr'>c.</span> <span class='ocrx_word' id='word_1_212' title='bbox 554 2741 582 2816; x_wconf 83' lang='lat'>2,</span> <span class='ocrx_word' id='word_1_213' title='bbox 597 2741 697 2802; x_wconf 79' lang='lat'>8-39</span> <span class='ocrx_word' id='word_1_214' title='bbox 729 2741 862 2819; x_wconf 90' lang='lat' dir='ltr'>possunt</span> <span class='ocrx_word' id='word_1_215' title='bbox 893 2738 1058 2818; x_wconf 89' lang='lat' dir='ltr'>pertinere,</span> <span class='ocrx_word' id='word_1_216' title='bbox 1082 2758 1145 2819; x_wconf 89' lang='lat' dir='ltr'>qua</span> <span class='ocrx_word' id='word_1_217' title='bbox 1167 2734 1294 2817; x_wconf 90' lang='lat' dir='ltr'>quidem</span> 
     </span>
     <span class='ocr_line' id='line_1_25' title="bbox 117 2834 1294 2918; baseline -0.002 -21"><span class='ocrx_word' id='word_1_218' title='bbox 117 2835 329 2916; x_wconf 87' lang='lat' dir='ltr'>disputatione</span> <span class='ocrx_word' id='word_1_219' title='bbox 344 2857 408 2899; x_wconf 92' lang='lat' dir='ltr'>non</span> <span class='ocrx_word' id='word_1_220' title='bbox 422 2835 502 2898; x_wconf 91' lang='lat' dir='ltr'>illud</span> <span class='ocrx_word' id='word_1_221' title='bbox 518 2839 731 2900; x_wconf 87' lang='lat' dir='ltr'>demonstrare</span> <span class='ocrx_word' id='word_1_222' title='bbox 743 2835 812 2898; x_wconf 92' lang='lat' dir='ltr'>vult</span> <span class='ocrx_word' id='word_1_223' title='bbox 828 2835 1010 2918; x_wconf 87' lang='lat' dir='ltr'>Xenophon,</span> <span class='ocrx_word' id='word_1_224' title='bbox 1026 2834 1209 2918; x_wconf 89' lang='lat' dir='ltr'>simpliciter</span> <span class='ocrx_word' id='word_1_225' title='bbox 1224 2855 1294 2896; x_wconf 90' lang='lat' dir='ltr'>eum</span> 
     </span>
     <span class='ocr_line' id='line_1_26' title="bbox 117 2933 1295 3017; baseline 0 -21"><span class='ocrx_word' id='word_1_226' title='bbox 117 2938 148 2996; x_wconf 92' lang='lat' dir='ltr'>et</span> <span class='ocrx_word' id='word_1_227' title='bbox 169 2933 271 3015; x_wconf 88' lang='lat' dir='ltr'>plane,</span> <span class='ocrx_word' id='word_1_228' title='bbox 293 2955 374 3016; x_wconf 90' lang='lat' dir='ltr'>quae</span> <span class='ocrx_word' id='word_1_229' title='bbox 397 2936 526 3016; x_wconf 81' lang='lat' dir='ltr'>cognitu</span> <span class='ocrx_word' id='word_1_230' title='bbox 548 2935 640 2998; x_wconf 91' lang='lat' dir='ltr'>utilia</span> <span class='ocrx_word' id='word_1_231' title='bbox 655 2939 791 3008; x_wconf 90' lang='lat' dir='ltr'>duceret,</span> <span class='ocrx_word' id='word_1_232' title='bbox 809 2934 1023 3017; x_wconf 85' lang='lat' dir='ltr'>explicavisse,</span> <span class='ocrx_word' id='word_1_233' title='bbox 1045 2938 1100 2999; x_wconf 90' lang='lat' dir='ltr'>sed</span> <span class='ocrx_word' id='word_1_234' title='bbox 1115 2956 1177 3017; x_wconf 87' lang='lat' dir='ltr'>qua</span> <span class='ocrx_word' id='word_1_235' title='bbox 1199 2936 1295 2998; x_wconf 89' lang='lat' dir='ltr'>disse·</span> 
     </span>
     <span class='ocr_line' id='line_1_27' title="bbox 116 3032 1295 3117; baseline 0.001 -21"><span class='ocrx_word' id='word_1_236' title='bbox 116 3032 204 3096; x_wconf 90' lang='lat' dir='ltr'>rendi</span> <span class='ocrx_word' id='word_1_237' title='bbox 225 3032 346 3096; x_wconf 88' lang='lat' dir='ltr'>ratione</span> <span class='ocrx_word' id='word_1_238' title='bbox 368 3033 585 3098; x_wconf 85' lang='lat' dir='ltr'>adulescentes</span> <span class='ocrx_word' id='word_1_239' title='bbox 607 3034 704 3097; x_wconf 92' lang='lat' dir='ltr'>nimia</span> <span class='ocrx_word' id='word_1_240' title='bbox 726 3057 800 3098; x_wconf 88' lang='lat' dir='ltr'>suae</span> <span class='ocrx_word' id='word_1_241' title='bbox 822 3035 992 3117; x_wconf 88' lang='lat' dir='ltr'>sapientiae</span> <span class='ocrx_word' id='word_1_242' title='bbox 1007 3034 1154 3117; x_wconf 89' lang='lat' dir='ltr'>opinione</span> <span class='ocrx_word' id='word_1_243' title='bbox 1168 3033 1295 3097; x_wconf 90' lang='lat' dir='ltr'>inflatos</span> 
     </span>
     <span class='ocr_line' id='line_1_28' title="bbox 117 3132 1295 3216; baseline -0.001 -20"><span class='ocrx_word' id='word_1_244' title='bbox 117 3132 229 3196; x_wconf 89' lang='lat' dir='ltr'>erroris</span> <span class='ocrx_word' id='word_1_245' title='bbox 252 3133 422 3196; x_wconf 86' lang='lat' dir='ltr'>convicerit</span> <span class='ocrx_word' id='word_1_246' title='bbox 444 3137 486 3210; x_wconf 91' lang='lat' dir='ltr'>et,</span> <span class='ocrx_word' id='word_1_247' title='bbox 512 3138 549 3196; x_wconf 89' lang='lat' dir='ltr'>ut</span> <span class='ocrx_word' id='word_1_248' title='bbox 569 3133 662 3216; x_wconf 88' lang='lat' dir='ltr'>plane</span> <span class='ocrx_word' id='word_1_249' title='bbox 689 3157 721 3197; x_wconf 92' lang='lat' dir='ltr'>se</span> <span class='ocrx_word' id='word_1_250' title='bbox 743 3134 822 3197; x_wconf 88' lang='lat' dir='ltr'>nihil</span> <span class='ocrx_word' id='word_1_251' title='bbox 843 3135 922 3200; x_wconf 91' lang='lat' dir='ltr'>scire</span> <span class='ocrx_word' id='word_1_252' title='bbox 945 3134 1176 3211; x_wconf 87' lang='lat' dir='ltr'>confiterentur,</span> <span class='ocrx_word' id='word_1_253' title='bbox 1198 3136 1295 3195; x_wconf 91' lang='lat' dir='ltr'>addu-</span> 
     </span>
     <span class='ocr_line' id='line_1_29' title="bbox 115 3230 1295 3316; baseline 0 -22"><span class='ocrx_word' id='word_1_254' title='bbox 115 3232 204 3295; x_wconf 87' lang='lat' dir='ltr'>xerit.</span> <span class='ocrx_word' id='word_1_255' title='bbox 247 3230 347 3296; x_wconf 88' lang='lat' dir='ltr'>Immo</span> <span class='ocrx_word' id='word_1_256' title='bbox 378 3254 451 3296; x_wconf 91' lang='lat' dir='ltr'>vero</span> <span class='ocrx_word' id='word_1_257' title='bbox 478 3255 550 3297; x_wconf 93' lang='lat' dir='ltr'>cum</span> <span class='ocrx_word' id='word_1_258' title='bbox 572 3233 678 3297; x_wconf 92' lang='lat' dir='ltr'>omnia</span> <span class='ocrx_word' id='word_1_259' title='bbox 698 3232 754 3296; x_wconf 94' lang='lat' dir='ltr'>illa</span> <span class='ocrx_word' id='word_1_260' title='bbox 776 3234 878 3313; x_wconf 85' lang='lat' dir='ltr'>verba,</span> <span class='ocrx_word' id='word_1_261' title='bbox 910 3256 990 3316; x_wconf 92' lang='lat' dir='ltr'>quae</span> <span class='ocrx_word' id='word_1_262' title='bbox 1011 3234 1044 3296; x_wconf 89' lang='lat' dir='ltr'>in</span> <span class='ocrx_word' id='word_1_263' title='bbox 1065 3233 1156 3298; x_wconf 90' lang='lat' dir='ltr'>initio</span> <span class='ocrx_word' id='word_1_264' title='bbox 1184 3233 1295 3315; x_wconf 88' lang='lat' dir='ltr'>capitis</span> 
     </span>
     <span class='ocr_line' id='line_1_30' title="bbox 116 3329 1296 3417; baseline 0.002 -23"><span class='ocrx_word' id='word_1_265' title='bbox 116 3329 242 3412; x_wconf 84' lang='lat' dir='ltr'>septimi</span> <span class='ocrx_word' id='word_1_266' title='bbox 263 3331 419 3414; x_wconf 84' lang='lat' dir='ltr'>leguntur,</span> <span class='ocrx_word' id='word_1_267' title='bbox 441 3336 510 3396; x_wconf 88' lang='lat' dir='ltr'>tum</span> <span class='ocrx_word' id='word_1_268' title='bbox 531 3334 620 3396; x_wconf 88' lang='lat' dir='ltr'>haec:</span> <span class='ocrx_word' id='word_1_269' title='bbox 644 3331 737 3397; x_wconf 82' lang='grc' dir='ltr'><em>δοκεῖ</em></span> <span class='ocrx_word' id='word_1_270' title='bbox 752 3355 809 3414; x_wconf 96' lang='grc' dir='ltr'>μοι</span> <span class='ocrx_word' id='word_1_271' title='bbox 832 3333 936 3417; x_wconf 74' lang='grc' dir='ltr'><em>δῆλον</em></span> <span class='ocrx_word' id='word_1_272' title='bbox 959 3332 995 3397; x_wconf 77' lang='grc' dir='ltr'>ἐκ</span> <span class='ocrx_word' id='word_1_273' title='bbox 1014 3335 1088 3397; x_wconf 79' lang='grc' dir='ltr'>τῶν</span> <span class='ocrx_word' id='word_1_274' title='bbox 1109 3332 1296 3415; x_wconf 81' lang='grc' dir='ltr'><em>εἰρημένων</em></span> 
     </span>
     <span class='ocr_line' id='line_1_31' title="bbox 116 3427 1295 3515; baseline 0 -20"><span class='ocrx_word' id='word_1_275' title='bbox 116 3427 201 3495; x_wconf 85' lang='grc' dir='ltr'><em>εἶναι</em></span> <span class='ocrx_word' id='word_1_276' title='bbox 223 3432 264 3493; x_wconf 95' lang='lat' dir='ltr'>ad</span> <span class='ocrx_word' id='word_1_277' title='bbox 285 3430 401 3494; x_wconf 87' lang='lat' dir='ltr'>iustam</span> <span class='ocrx_word' id='word_1_278' title='bbox 422 3431 510 3495; x_wconf 87' lang='lat' dir='ltr'>illam</span> <span class='ocrx_word' id='word_1_279' title='bbox 532 3431 724 3513; x_wconf 83' lang='lat' dir='ltr'>Euthydemi</span> <span class='ocrx_word' id='word_1_280' title='bbox 750 3433 982 3498; x_wconf 89' lang='lat' dir='ltr'>institutionem</span> <span class='ocrx_word' id='word_1_281' title='bbox 1004 3434 1040 3514; x_wconf 80' lang='lat' dir='ltr'>(c.</span> <span class='ocrx_word' id='word_1_282' title='bbox 1063 3438 1089 3509; x_wconf 91' lang='lat'>3,</span> <span class='ocrx_word' id='word_1_283' title='bbox 1113 3441 1139 3512; x_wconf 89' lang='lat'>5,</span> <span class='ocrx_word' id='word_1_284' title='bbox 1162 3432 1193 3515; x_wconf 88' lang='lat'>6)</span> <span class='ocrx_word' id='word_1_285' title='bbox 1215 3432 1295 3496; x_wconf 86' lang='lat' dir='ltr'>refe·</span> 
     </span>
     <span class='ocr_line' id='line_1_32' title="bbox 116 3531 1295 3615; baseline 0.002 -22"><span class='ocrx_word' id='word_1_286' title='bbox 116 3533 212 3594; x_wconf 87' lang='lat' dir='ltr'>reuda</span> <span class='ocrx_word' id='word_1_287' title='bbox 234 3551 334 3612; x_wconf 86' lang='lat' dir='ltr'>eoque</span> <span class='ocrx_word' id='word_1_288' title='bbox 356 3532 457 3613; x_wconf 82' lang='lat' dir='ltr'>magis</span> <span class='ocrx_word' id='word_1_289' title='bbox 488 3553 545 3594; x_wconf 90' lang='lat' dir='ltr'>suo</span> <span class='ocrx_word' id='word_1_290' title='bbox 576 3532 647 3596; x_wconf 93' lang='lat' dir='ltr'>loco</span> <span class='ocrx_word' id='word_1_291' title='bbox 669 3532 772 3614; x_wconf 88' lang='lat' dir='ltr'>posita</span> <span class='ocrx_word' id='word_1_292' title='bbox 803 3539 883 3610; x_wconf 90' lang='lat' dir='ltr'>sunt,</span> <span class='ocrx_word' id='word_1_293' title='bbox 915 3536 1000 3615; x_wconf 91' lang='lat' dir='ltr'>quod</span> <span class='ocrx_word' id='word_1_294' title='bbox 1029 3533 1162 3614; x_wconf 88' lang='lat' dir='ltr'>septimo</span> <span class='ocrx_word' id='word_1_295' title='bbox 1194 3531 1295 3613; x_wconf 92' lang='lat' dir='ltr'>capite</span> 
     </span>
     <span class='ocr_line' id='line_1_33' title="bbox 116 3628 1296 3714; baseline 0.001 -21"><span class='ocrx_word' id='word_1_296' title='bbox 116 3629 232 3693; x_wconf 88' lang='lat' dir='ltr'>omisso</span> <span class='ocrx_word' id='word_1_297' title='bbox 266 3628 460 3710; x_wconf 82' lang='lat' dir='ltr'>Euthydemi</span> <span class='ocrx_word' id='word_1_298' title='bbox 490 3631 632 3714; x_wconf 83' lang='lat' dir='ltr'>exemplo</span> <span class='ocrx_word' id='word_1_299' title='bbox 663 3635 703 3696; x_wconf 93' lang='lat' dir='ltr'>ad</span> <span class='ocrx_word' id='word_1_300' title='bbox 732 3631 887 3714; x_wconf 88' lang='lat' dir='ltr'>reliquam</span> <span class='ocrx_word' id='word_1_301' title='bbox 922 3632 1060 3696; x_wconf 86' lang='lat' dir='ltr'>Socratis</span> <span class='ocrx_word' id='word_1_302' title='bbox 1096 3630 1296 3713; x_wconf 89' lang='lat' dir='ltr'>disciplinam</span> 
     </span>
     <span class='ocr_line' id='line_1_34' title="bbox 115 3726 1296 3814; baseline 0.001 -23"><span class='ocrx_word' id='word_1_303' title='bbox 115 3729 275 3793; x_wconf 86' lang='lat' dir='ltr'>transitur.</span> <span class='ocrx_word' id='word_1_304' title='bbox 310 3726 455 3811; x_wconf 88' lang='lat' dir='ltr'>Denique</span> <span class='ocrx_word' id='word_1_305' title='bbox 470 3752 509 3793; x_wconf 92' lang='lat' dir='ltr'>ne</span> <span class='ocrx_word' id='word_1_306' title='bbox 524 3731 604 3794; x_wconf 90' lang='lat' dir='ltr'>illud</span> <span class='ocrx_word' id='word_1_307' title='bbox 619 3731 746 3814; x_wconf 90' lang='lat' dir='ltr'>quidem</span> <span class='ocrx_word' id='word_1_308' title='bbox 768 3730 997 3814; x_wconf 83' lang='lat' dir='ltr'>neglegendum</span> <span class='ocrx_word' id='word_1_309' title='bbox 1013 3735 1066 3807; x_wconf 90' lang='lat' dir='ltr'>est,</span> <span class='ocrx_word' id='word_1_310' title='bbox 1082 3729 1132 3793; x_wconf 90' lang='lat' dir='ltr'>vel</span> <span class='ocrx_word' id='word_1_311' title='bbox 1148 3752 1194 3809; x_wconf 90' lang='lat' dir='ltr'>eo,</span> <span class='ocrx_word' id='word_1_312' title='bbox 1211 3732 1296 3812; x_wconf 91' lang='lat' dir='ltr'>quod</span> 
     </span>
     <span class='ocr_line' id='line_1_35' title="bbox 117 3821 1296 3912; baseline 0.002 -21"><span class='ocrx_word' id='word_1_313' title='bbox 117 3828 329 3904; x_wconf 89' lang='lat' dir='ltr'>c.3,1verba</span> <span class='ocrx_word' id='word_1_314' title='bbox 350 3829 406 3893; x_wconf 85' lang='grc' dir='ltr'>καὶ</span> <span class='ocrx_word' id='word_1_315' title='bbox 428 3825 631 3912; x_wconf 83' lang='grc' dir='ltr'><em>μηχανικοὺς</em></span> <span class='ocrx_word' id='word_1_316' title='bbox 653 3835 725 3912; x_wconf 91' lang='lat' dir='ltr'>post</span> <span class='ocrx_word' id='word_1_317' title='bbox 747 3824 923 3906; x_wconf 78' lang='grc' dir='ltr'><em>λεκτικοὺς</em></span> <span class='ocrx_word' id='word_1_318' title='bbox 937 3831 992 3894; x_wconf 89' lang='grc' dir='ltr'>καὶ</span> <span class='ocrx_word' id='word_1_319' title='bbox 1014 3821 1222 3912; x_wconf 82' lang='grc' dir='ltr'><em>πρακτικούς</em></span> <span class='ocrx_word' id='word_1_320' title='bbox 1243 3851 1296 3912; x_wconf 95' lang='lat' dir='ltr'>po·</span> 
     </span>
    </p>
   </div>
   <div class='ocr_carea' id='block_1_3' title="bbox 201 4077 465 4232">
    <p class='ocr_par' dir='ltr' id='par_1_3' title="bbox 201 4077 465 4232">
     <span class='ocr_line' id='line_1_36' title="bbox 202 4077 372 4146; baseline -0.018 0"><span class='ocrx_word' id='word_1_321' title='bbox 202 4077 227 4146; x_wconf 88' lang='lat'>1)</span> <span class='ocrx_word' id='word_1_322' title='bbox 245 4095 270 4146; x_wconf 78' lang='lat' dir='ltr'>e·</span> <span class='ocrx_word' id='word_1_323' title='bbox 289 4078 372 4144; x_wconf 60' lang='lat' dir='ltr'>tiseo-</span> 
     </span>
     <span class='ocr_line' id='line_1_37' title="bbox 201 4161 465 4232; baseline -0.015 -17"><span class='ocrx_word' id='word_1_324' title='bbox 201 4161 465 4232; x_wconf 55' lang='lat' dir='ltr'>mpmthm</span> 
     </span>
    </p>
   </div>
   <div class='ocr_carea' id='block_1_4' title="bbox 201 4246 466 4398">
    <p class='ocr_par' dir='ltr' id='par_1_4' title="bbox 201 4246 466 4398">
     <span class='ocr_line' id='line_1_38' title="bbox 201 4246 466 4315; baseline -0.004 -16"><span class='ocrx_word' id='word_1_325' title='bbox 201 4246 466 4315; x_wconf 56' lang='lat' dir='ltr'>fflcpfflm</span> 
     </span>
     <span class='ocr_line' id='line_1_39' title="bbox 201 4330 426 4398; baseline -0.004 -15"><span class='ocrx_word' id='word_1_326' title='bbox 201 4330 426 4398; x_wconf 49' lang='lat' dir='ltr'>dicpssd</span> 
     </span>
    </p>
   </div>
   <div class='ocr_carea' id='block_1_5' title="bbox 0 0 1481 4770">
    <p class='ocr_par' dir='ltr' id='par_1_5' title="bbox 0 0 1481 4770">
     <span class='ocr_line' id='line_1_40' title="bbox 0 0 1481 4770; baseline 0 0"><span class='ocrx_word' id='word_1_327' title='bbox 0 0 1481 4770; x_wconf 95' lang='lat' dir='ltr'> </span> 
     </span>
    </p>
   </div>
  </div>
 </body>
</html>
