2940 4770
628 345 832 404 -12-

141 507 276 572 fuissent
301 505 427 589 publice
452 505 588 569 maxime
614 506 647 568 in
674 527 746 568 euin
773 504 927 582 coniecta,
954 526 1025 567 oum
1046 503 1230 586 impietatis,
1251 507 1322 566 tum

143 611 309 689 corruptae
329 605 501 668 iuventutis
524 605 640 669 crimen
653 605 687 688 ¹),
714 604 921 669 convinceret
963 605 1012 667 Ae
1032 604 1170 685 primum
1191 603 1322 687 quidem

143 708 236 771 tertio
264 706 365 788 eapite
393 709 424 768 et
451 705 562 788 quinto
584 704 664 767 illud
686 704 752 769 sine
774 705 869 769 dubio
893 706 1056 769 ostendere
1077 703 1186 782 voluit,
1209 701 1323 768 Socra·

143 811 220 884 tem,
251 828 322 869 cum
351 805 385 868 in
415 805 623 868 familiaribus
654 804 854 869 instituendis
886 828 904 866 a
933 805 1049 886 pietate
1079 823 1153 887 erga
1183 806 1259 868 deos
1287 809 1324 867 ut

143 907 230 971 fonte
257 909 289 969 et
310 906 411 988 capite
433 905 536 968 omnis
558 904 743 987 disciplinae
764 908 916 967 statueret
937 903 1164 985 0011006001),
1190 908 1259 966 tam
1283 907 1323 965 ad

143 1006 333 1089 ἐγκρατείας
359 1005 511 1083 studium,
539 1027 634 1087 quam
656 1004 717 1068 alio
745 1006 883 1087 quodam
904 1003 974 1067 1000
985 1001 1008 1086 3)
1031 993 1150 1087 ἀρετῆς
1175 1004 1324 1087 κρηπῖδα

143 1109 247 1184 00000,
274 1127 328 1169 000
350 1105 577 1181 cohortaretur,
605 1127 668 1168 non
694 1107 788 1168 modo
815 1126 878 1167 non
900 1103 1075 1186 corrupisse
1098 1103 1324 1182 adulescentes

144 1227 252 1269 verum
295 1206 389 1266 etiam
425 1206 465 1267 ad
500 1225 655 1267 summam
692 1204 839 1267 virtutem
875 1205 1133 1285 honestatemque
1170 1205 1325 1267 excitasse

145 1304 452 1387 atque'perduxisse.
489 1303 590 1366 Simul
613 1308 717 1366 autem
740 1304 784 1367 sic
805 1302 938 1367 lectores
961 1302 1110 1386 colligere
1132 1302 1325 1386 Xenophon·

143 1410 208 1468 tem
236 1403 372 1467 voluisse
400 1407 510 1468 eodem
536 1404 603 1466 iure
631 1402 693 1465 dici
714 1407 830 1484 potest,
853 1403 907 1484 qui
928 1402 1004 1465 taha
1026 1404 1184 1467 docuisset
1205 1406 1244 1465 de
1267 1404 1325 1479 dis,

147 1504 252 1586 qualia
283 1503 444 1568 Socratem
474 1503 551 1566 fecit
580 1506 756 1580 docentem,
788 1525 859 1566 eum
889 1503 1060 1584 impietatis
1090 1525 1215 1586 quoque
1242 1503 1324 1568 falso

148 1626 214 1668 esse
244 1607 433 1667 accusatum.
477 1602 572 1666 Sexto
604 1607 708 1666 autem
739 1603 841 1684 capite
871 1603 904 1664 id
929 1602 1125 1686 potissimum
1146 1601 1325 1685 Xenophon

146 1703 224 1766 mihi
255 1704 378 1766 videtur
408 1707 577 1785 spectasse,
607 1708 643 1765 ut
674 1725 721 1780 00,
753 1724 849 1783 quam
881 1700 1025 1766 Socrates
1054 1705 1087 1766 in
1115 1702 1325 1767 familiaribus

147 1804 212 1867 suis
235 1805 274 1866 ad
296 1807 395 1865 artem
417 1801 496 1864 bene
519 1806 549 1864 et
571 1807 653 1865 recte
676 1802 849 1866 disserendi
869 1802 1071 1866 inst'tuendis
1093 1807 1218 1866 secutus
1234 1807 1325 1878 esset,

146 1902 309 1985 proposita
330 1901 464 1978 ratione,
486 1906 638 1983 quantum
661 1903 826 1965 interesset
847 1901 930 1964 inter
951 1901 1036 1966 111100
1059 1907 1090 1967 00
1111 1902 1326 1985 sophistarum

148 2002 202 2085 qni
232 2002 379 2066 dicuntur
409 2001 590 2083 disputandi
621 2000 834 2083 disciplinam,
864 2003 1099 2065 demonstraret.
1143 2002 1249 2084 Atque
1276 2023 1326 2065 00-

148 2102 267 2183 phistas
290 2123 353 2164 non
375 2101 408 2163 id
430 2100 543 2182 egisse,
566 2107 602 2164 ut
623 2100 787 2163 veritatem
810 2099 1016 2181 explorarent,
1038 2104 1093 2164 sed
1115 2124 1237 2165 summa
1257 2124 1327 2164 ver·

147 2203 261 2265 borum
291 2200 578 2283 sententiarumque
608 2201 757 2264 verietate
789 2203 826 2263 de
853 2201 999 2264 omnibns
1024 2203 1116 2265 rebus
1142 2201 1175 2264 in
1203 2206 1328 2265 contra·

147 2301 209 2364 rias
235 2304 340 2383 partes
369 2300 565 2382 disputarent
593 2322 724 2384 eamque
750 2298 922 2381 discipulos
949 2323 1023 2364 0000
1050 2305 1198 2365 docerent
1220 2306 1328 2380 artem,

147 2401 225 2483 quin
262 2400 356 2464 etiam
393 2402 505 2464 docere
536 2423 569 2464 se
599 2401 758 2481 professos
790 2422 868 2475 esse,
906 2404 1172 2482 quemadmodum
1198 2401 1330 2466 inferior

147 2523 240 2564 eausa
267 2500 398 2563 dicendo
426 2499 495 2563 fieri
521 2505 628 2582 posset
654 2501 796 2582 superior
822 2492 897 2574 (τὸν
924 2489 1020 2582 ἥττω
1047 2491 1151 2583 λόγον
1179 2503 1328 2583 κρείττω

147 2598 282 2681 ποιεῖν),
306 2601 376 2682 quis
399 2606 458 2674 est,
483 2600 538 2682 qui
560 2601 698 2663 nesciat?
729 2597 846 2663 Contra
867 2598 1043 2681 Xenophon
1071 2623 1142 2664 cnm
1165 2600 1328 2682 00001104)

146 2699 261 2780 iisque,
288 2720 368 2780 quae
391 2702 429 2762 de
452 2698 589 2764 Socratis
612 2699 774 2762 refellendi
797 2701 993 2781 docendique
1012 2701 1132 2765 ratione
1154 2701 1273 2764 eddidit
1294 2702 1329 2764 in

148 2803 287 2863 extremo
310 2798 448 2881 capite5),
466 2803 533 2861 tum
556 2799 690 2862 maxime
713 2798 931 2861 definitionum
952 2798 1078 2863 illerum
1098 2799 1329 2865 Socratioemm

148 2897 299 2979 exemplis
309 2898 332 2981 6)
364 2897 444 2961 nihil
475 2921 546 2962 eum
573 2901 607 2961 in
635 2899 809 2962 disserendi
835 2903 900 2961 arte
927 2901 1069 2961 docenda
1091 2900 1251 2983 antiquius
1273 2902 1330 2964 ha·

149 2998 267 3075 1001000,
300 3020 393 3080 quam
424 3003 460 3061 ut
489 2999 653 3062 veritatem
683 3000 798 3080 ipsam,
829 3021 893 3062 non
923 2998 1060 3078 speciem
1089 3000 1230 3063 veritatis
1257 3022 1330 3064 cum

148 3097 356 3161 familiaribus
391 3100 455 3162 suis
491 3103 574 3162 certa
610 3100 745 3181 quadam
782 3100 813 3160 et
850 3099 958 3161 eadem
989 3120 1112 3181 semper
1140 3101 1262 3164 ratione
1293 3121 1330 3164 00

152 3196 233 3278 0107)
252 3196 441 3278 exploraret,
463 3203 628 3280 propterea
648 3197 726 3260 mihi
747 3197 870 3260 videtur
892 3200 1105 3264 demonstrare
1128 3199 1272 3277 00101000,
1293 3204 1331 3263 00

235 3382 259 3444 1)
278 3381 340 3448 ipsa
364 3379 436 3432 aetio
459 3380 478 3442 1,
498 3382 554 3444 1,1
578 3379 677 3446 quibus
704 3379 794 3431 verbis
817 3378 970 3446 composita
992 3379 1075 3432 fuerit
1097 3382 1140 3443 (cf.
1158 3380 1195 3433 M.
1214 3380 1330 3445 Scheria,

149 3463 309 3532 Sammlung
342 3463 544 3531 ausgewthlter
574 3463 691 3530 Dialoge
719 3463 830 3528 Platos,
863 3463 961 3516 drittes
990 3464 1151 3518 Bdndchen:
1187 3464 1331 3534 Apologia

150 3547 262 3616 Leipzig
281 3548 360 3610 1893,
379 3547 463 3617 praef.
482 3566 506 3616 p.
526 3548 649 3615 12sqq.),
672 3547 743 3599 nihil
766 3548 888 3601 adrem:
916 3547 1021 3601 scilieet
1038 3549 1090 3600 hoe
1107 3549 1167 3602 loeo
1185 3548 1255 3602 nihil
1274 3551 1330 3618 agi·

149 3635 203 3696 tur,
222 3632 274 3683 nisi
295 3632 431 3700 quomodo
449 3632 508 3700 ipse
526 3632 679 3702 Xenophon
696 3648 755 3686 rem
772 3631 941 3686 intellexerit
958 3634 987 3685 et
1004 3632 1132 3702 intellegi
1151 3633 1274 3687 voluerit.

235 3719 386 3784 budh

236 3803 385 3870 &Lat

235 3888 261 3954 4)
280 3903 301 3939 0.
321 3888 345 3947 6,
364 3890 391 3949 1;
416 3887 450 3939 ef.
468 3886 613 3954 imprimis:
641 3904 708 3950 τους
732 3884 760 3939 δὲ
777 3881 816 3953 μὴ
835 3882 945 3950 εἰδότας
963 3888 1007 3952 (sc.
1026 3905 1050 3939 τι
1071 3884 1195 3941 ἕκαστον
1214 3907 1256 3957 ειη
1274 3895 1332 3941 τῶν

152 3972 254 4038 οντων)
275 3966 357 4024 οὐδὲν
375 3965 428 4040 ἔφη
446 3965 619 4036 θαυμαστὸν
637 3964 708 4024 εἶναι
727 4011 732 4021 .
753 4012 758 4023 .
778 4012 783 4022 .
802 3975 850 4024 καὶ
869 3973 974 4033 ullove
994 3967 1139 4040 σφάλλειν.

236 4056 262 4123 5)
281 4071 302 4107 0.
322 4060 346 4114 6,
366 4058 567 4110 13-140015.

236 4141 262 4206 6)
281 4156 303 4192 c.
322 4144 345 4199 6,
365 4142 455 4194 2-12.

238 4226 262 4287 7)
282 4224 838 4292 0010100100ἰο(10601010000062-4;
863 4227 942 4286 5-6;
968 4226 994 4288 7;
1014 4226 1126 4288 16-11;
1151 4224 1268 4292 denique
1288 4227 1333 4289 12;

156 4311 294 4379 postremo
312 4309 345 4362 cf.
364 4309 511 4377 Breitenb,
530 4309 614 4380 praef.
633 4310 648 4378 5
666 4310 683 4363 8
701 4313 768 4364 extr.
787 4326 848 4363 eum
867 4312 960 4365 annot.
