2940 4770
627 305 812 365 ,9-

135 466 289 545 eonvinoi,
321 488 393 530 oum
422 465 502 529 illud
533 467 605 544 sibi,
637 467 713 547 quid
739 465 919 529 faciendum
941 469 1034 544 esset,
1066 466 1142 548 quid
1165 466 1309 531 omitten-

134 570 221 643 dum,
248 566 425 649 significare
452 565 563 629 solitus
591 565 631 629 sit
658 566 760 630 dicere
787 565 825 648 (o.
849 570 876 644 8,
901 565 1021 647 1-10).
1064 566 1116 629 Ad
1139 572 1312 631 extremum

135 666 273 730 Socratis
294 667 447 729 virtutum
470 665 702 729 enumeratione
725 670 910 749 argumenta
929 667 1161 731 commentariis
1179 671 1313 732 tractata

133 765 269 829 breviter
290 769 474 846 repetuntur
496 765 531 846 (o.
554 770 581 844 8,
607 764 662 846 11).

217 913 370 995 Exposito
392 914 490 996 igitur
513 913 617 996 quarti
633 916 929 978 commentariorum
943 914 1015 977 libri
1032 919 1218 997 argumento
1233 914 1313 976 illud

61 1014 63 1019 ’
135 1013 271 1096 primum
304 1012 523 1094 explicandum
555 1018 613 1092 est,
647 1036 709 1096 quo
738 1015 868 1077 oonsilio
894 1016 999 1096 ipsum
1024 1014 1142 1078 librum
1168 1019 1315 1096 quartum

136 1113 293 1196 prioribus
316 1111 492 1194 Xenophon
519 1114 703 1192 adiecerit.¹)
747 1112 848 1189 Quam
876 1115 1091 1196 quaestIonem
1118 1137 1182 1178 non
1203 1115 1315 1177 11010-

137 1213 328 1276 stituendam
350 1234 429 1292 esse,
450 1217 485 1275 ut
505 1213 565 1277 toti
585 1213 667 1277 libro
691 1219 802 1295 quarto
827 1217 1051 1295 perscrutando
1075 1237 1201 1296 operam
1223 1236 1315 1276 nave-

136 1335 218 1390 muS,
251 1335 288 1375 ex
318 1312 386 1392 ipsa
414 1311 501 1375 illius
531 1317 567 1375 ut
596 1314 748 1394 postremi
779 1313 940 1394 amplioris
971 1315 1074 1395 operis
1105 1314 1178 1376 libri
1204 1318 1316 1376 natura

138 1418 275 1495 apparet.
317 1410 366 1475 Ao
402 1412 607 1492 posteriorem
638 1413 750 1495 eapitis
780 1414 882 1476 octavi
911 1418 1032 1494 partem
1041 1414 1065 1495 2)
1097 1416 1137 1476 ad
1168 1417 1317 1495 quattuor

138 1534 244 1575 omnes
271 1511 382 1588 libros,
404 1533 468 1574 non
490 1517 638 1595 quartum
664 1513 767 1576 solum
789 1513 944 1594 pertinere
966 1535 1061 1594 supra
1083 1513 1201 1576 dietum
1224 1518 1271 1575 est
1280 1513 1316 1593 3);

139 1633 219 1693 quae
245 1634 318 1675 vero
347 1612 506 1692 superiore
530 1613 668 1675 eiusdem
691 1612 803 1693 eapItis
825 1616 913 1694 parte
924 1614 948 1694 ⁴)
970 1612 1087 1677 idoiroo
1111 1615 1318 1693 exponuntur,

138 1716 174 1774 ut
204 1709 365 1774 Socratem
395 1712 506 1793 eapitis
538 1716 780 1775 eondemnatum
811 1715 849 1775 de
880 1713 1045 1776 daemonio
1077 1713 1227 1776 erravisse
1254 1733 1318 1774 non

139 1810 282 1874 oonvinei
313 1814 555 1890 demonstretur,
588 1836 624 1875 ea
654 1815 693 1875 ab
723 1812 792 1890 illo,
825 1816 910 1894 quod
940 1811 1116 1893 Xenophon
1145 1812 1179 1874 in
1205 1814 1317 1893 quarto

138 1911 220 1975 libro
248 1911 412 1976 scribendo
438 1913 563 1995 proprie
587 1916 711 1976 seeutus
734 1917 789 1989 est,
812 1911 952 1989 oonsilio,
974 1915 1010 1973 ut
1030 1911 1239 1974 institutionis
1263 1909 1319 1973 So-

141 2012 275 2074 01011000
303 2011 474 2094 imaginem
505 2012 702 2093 exhiberet5),
733 2033 861 2092 prorsus
889 2013 1055 2074 abhorrere
1082 2010 1174 2074 faoile
1195 2008 1319 2072 intelle-

140 2110 238 2193 gItur:
274 2116 502 2190 verumtamen,
533 2112 597 2176 sive
627 2112 708 2174 illud
744 2115 782 2173 de
813 2110 976 2174 daemonio
1009 2132 1032 2173 o.
1056 2114 1082 2186 8,
1107 2116 1122 2172 1
1147 2132 1185 2171 ex
1210 2109 1320 2171 multis

142 2233 234 2291 saepe
264 2214 333 2273 tum
364 2213 550 2275 audiebatur
580 2212 645 2275 sive
672 2233 734 2293 qua
757 2211 819 2273 alia
845 2232 938 2272 eausa
965 2212 1118 2272 adduotus
1145 2208 1321 2290 Xenophon

141 2310 269 2372 uberius
296 2313 335 2372 de
364 2334 399 2373 ea
425 2334 458 2374 re
480 2311 541 2374 sibi
563 2314 782 2392 exponendum
805 2332 871 2373 esse
894 2309 990 2387 duxit,
1012 2310 1097 2370 haud
1119 2332 1193 2372 sane
1214 2309 1321 2389 inepte

141 2411 219 2473 mihi
250 2410 377 2491 quidem
405 2409 461 2472 illa
490 2411 636 2474 videntur
669 2411 752 2473 inter
787 2433 834 2487 oa,
868 2431 947 2491 quae
975 2411 1013 2471 de
1040 2408 1231 2472 divinatione
1258 2413 1321 2471 tra-

142 2513 260 2572 duntur
283 2532 306 2573 o.
330 2516 356 2588 7,
379 2517 429 2589 10,
456 2514 487 2573 et
507 2511 670 2592 proprium
692 2509 829 2572 universi
851 2509 953 2590 operis
977 2508 1138 2590 epilogum
1159 2507 1195 2590 (o.
1219 2513 1246 2585 8,
1271 2506 1321 2589 11)

143 2610 330 2690 interpoSIta
366 2633 445 2689 esse,
476 2611 593 2692 quippe
625 2633 705 2693 quae
735 2612 775 2671 ad
804 2611 938 2672 mortem
969 2607 1146 2689 pertineant
1177 2607 1323 2671 Socratis.

143 2710 196 2773 Sio
222 2710 321 2792 igitur
347 2710 505 2790 existimo,
530 2710 599 2788 illa,
622 2732 701 2792 quae
729 2713 841 2791 quarto
868 2708 949 2771 libro
972 2707 1149 2788 Xenophon
1171 2707 1232 2769 sibi
1253 2729 1324 2788 pro-

143 2809 284 2891 posuerit
311 2813 487 2887 traotanda,
515 2810 648 2891 septimo
676 2810 740 2872 iam
762 2809 862 2889 eapite
885 2808 1030 2872 eonfeota
1052 2813 1147 2890 atque
1171 2805 1324 2882 absoluta,

146 2931 225 2991 quae
256 2909 328 2972 inde
360 2932 458 2991 usque
488 2913 528 2972 ad
557 2909 651 2972 finem
682 2909 756 2986 libri
785 2908 946 2989 leguntur,
983 2929 1019 2988 ea
1048 2906 1155 2969 addita
1187 2927 1253 2968 esse
1287 2908 1327 2967 ad

145 3031 224 3090 opus
252 3007 512 3073 concludendum.
554 3008 620 3074 lam
652 3030 726 3072 vero
755 3011 792 3069 de
819 3012 930 3088 quarto
959 3005 1098 3069 eiusdem
1124 3005 1197 3068 libri
1225 3005 1325 3085 capite

145 3108 322 3172 aoouratius
350 3109 444 3190 paulo
471 3112 531 3173 hoo
557 3108 627 3172 loeo
654 3108 748 3170 lioeat
769 3106 846 3169 mihi
869 3105 1032 3186 explicare.
1075 3105 1182 3186 Atque
1204 3108 1325 3167 utnon

146 3209 249 3272 dioam
277 3211 315 3271 de
336 3208 497 3290 prooemio
521 3208 538 3289 ξ
558 3215 636 3272 1-5
658 3198 832 3282 πολλάκις.
857 3210 888 3269 01
910 3205 1035 3288 epilogo
1059 3205 1076 3286 ξ
1098 3211 1151 3269 25:
1183 3205 1326 3268 Τοιαῦτα

147 3308 256 3390 λέγων
288 3331 326 3372 τε
356 3309 411 3371 καὶ
438 3299 605 3389 πράττων
632 3306 862 3386 δικαιοτέρους
890 3305 995 3370 ἐποίει
1022 3298 1102 3380 τοὺς
1128 3295 1326 3386 πλησιάζον-

147 3432 222 3486 τας,
254 3429 335 3490 quae
366 3430 429 3471 non
460 3409 499 3470 ab
531 3407 600 3489 ipso
627 3408 851 3487 Xenophonte,
882 3409 936 3469 sed
963 3407 1002 3467 ab
1030 3404 1091 3467 alio
1120 3426 1183 3486 quo
1211 3403 1327 3484 seripta

148 3655 260 3722 sitione,
287 3654 427 3725 Murpurgi
446 3656 525 3714 1893,
552 3671 576 3722 p.
596 3654 699 3720 XVIII,
725 3654 818 3706 annot.
837 3653 863 3719 1)
870 3673 877 3716 ;
904 3654 944 3705 ita
967 3654 1060 3705 autem
1083 3649 1328 3718 interpretantibus

148 3740 229 3793 nobis
247 3758 294 3794 our
312 3740 361 3793 illo
380 3742 490 3793 auctore
509 3741 575 3806 περὶ
593 3739 688 3806 utique
706 3737 853 3791 delendum
866 3737 910 3799 sit,
929 3736 1059 3803 quoniam
1072 3735 1106 3788 de
1119 3751 1208 3788 errore
1220 3750 1329 3800 quoque

148 3819 309 3894 ψεύδεσθαι
326 3825 393 3895 περί
410 3843 487 3887 τινος
504 3827 663 3892 usurpatum
684 3823 812 3885 videmus,
830 3838 886 3874 non
904 3821 1045 3888 intellego.
