<?xml version="1.0" encoding="UTF-8"?>
<!DOCTYPE html PUBLIC "-//W3C//DTD XHTML 1.0 Transitional//EN"
    "http://www.w3.org/TR/xhtml1/DTD/xhtml1-transitional.dtd">
<html xmlns="http://www.w3.org/1999/xhtml" xml:lang="en" lang="en">
 <head>
  <title>
</title>
<meta http-equiv="Content-Type" content="text/html;charset=utf-8" />
  <meta name='ocr-system' content='tesseract 3.04.00' />
  <meta name='ocr-capabilities' content='ocr_page ocr_carea ocr_par ocr_line ocrx_word'/>
</head>
<body>
  <div class='ocr_page' id='page_1' title='image "./xenophonquocons00schgoog_0023.png"; bbox 0 0 2940 4770; ppageno 0'>
   <div class='ocr_carea' id='block_1_1' title="bbox 666 335 871 396">
    <p class='ocr_par' dir='ltr' id='par_1_1' title="bbox 666 335 871 396">
     <span class='ocr_line' id='line_1_1' title="bbox 666 335 871 396; baseline 0 -21"><span class='ocrx_word' id='word_1_1' title='bbox 666 335 871 396; x_wconf 69' lang='grc'>-18,</span> 
     </span>
    </p>
   </div>
   <div class='ocr_carea' id='block_1_2' title="bbox 176 487 1361 2071">
    <p class='ocr_par' dir='ltr' id='par_1_2' title="bbox 176 487 1361 2071">
     <span class='ocr_line' id='line_1_2' title="bbox 177 487 1357 581; baseline 0 -21"><span class='ocrx_word' id='word_1_2' title='bbox 177 497 238 560; x_wconf 88' lang='lat' dir='ltr'>sita</span> <span class='ocrx_word' id='word_1_3' title='bbox 259 501 333 560; x_wconf 92' lang='lat' dir='ltr'>sunt</span> <span class='ocrx_word' id='word_1_4' title='bbox 354 532 393 542; x_wconf 91' lang='lat'><em>-</em></span> <span class='ocrx_word' id='word_1_5' title='bbox 415 496 494 560; x_wconf 90' lang='lat' dir='ltr'>illud</span> <span class='ocrx_word' id='word_1_6' title='bbox 517 501 621 560; x_wconf 90' lang='lat' dir='ltr'>autem</span> <span class='ocrx_word' id='word_1_7' title='bbox 651 490 853 578; x_wconf 81' lang='grc' dir='ltr'><strong><em>μηχανικοὺς</em></strong></span> <span class='ocrx_word' id='word_1_8' title='bbox 881 496 983 560; x_wconf 89' lang='lat' dir='ltr'>verbis</span> <span class='ocrx_word' id='word_1_9' title='bbox 1010 487 1187 581; x_wconf 78' lang='grc' dir='ltr'><em>αὐτάρκεις</em></span> <span class='ocrx_word' id='word_1_10' title='bbox 1214 496 1250 561; x_wconf 77' lang='grc' dir='ltr'>ἐν</span> <span class='ocrx_word' id='word_1_11' title='bbox 1281 510 1357 573; x_wconf 85' lang='grc' dir='ltr'><em>ταῖς</em></span> 
     </span>
     <span class='ocr_line' id='line_1_3' title="bbox 177 587 1358 680; baseline 0 -19"><span class='ocrx_word' id='word_1_12' title='bbox 177 587 424 679; x_wconf 82' lang='grc' dir='ltr'><em>προσηκούσαις</em></span> <span class='ocrx_word' id='word_1_13' title='bbox 445 587 605 678; x_wconf 78' lang='grc' dir='ltr'><em>πράξεσιν</em></span> <span class='ocrx_word' id='word_1_14' title='bbox 629 616 654 659; x_wconf 90' lang='lat' dir='ltr'>c.</span> <span class='ocrx_word' id='word_1_15' title='bbox 675 601 735 669; x_wconf 83' lang='lat'>7,1</span> <span class='ocrx_word' id='word_1_16' title='bbox 756 594 881 677; x_wconf 88' lang='lat' dir='ltr'>planius</span> <span class='ocrx_word' id='word_1_17' title='bbox 913 595 1062 677; x_wconf 84' lang='lat' dir='ltr'>explicari</span> <span class='ocrx_word' id='word_1_18' title='bbox 1084 596 1177 661; x_wconf 86' lang='lat' dir='ltr'>facile</span> <span class='ocrx_word' id='word_1_19' title='bbox 1197 596 1358 680; x_wconf 83' lang='lat' dir='ltr'>intellegi-</span> 
     </span>
     <span class='ocr_line' id='line_1_4' title="bbox 176 694 1359 779; baseline 0 -20"><span class='ocrx_word' id='word_1_20' title='bbox 176 699 229 759; x_wconf 89' lang='lat' dir='ltr'>tur</span> <span class='ocrx_word' id='word_1_21' title='bbox 251 732 299 769; x_wconf 88' lang='lat'>-,</span> <span class='ocrx_word' id='word_1_22' title='bbox 321 696 472 759; x_wconf 88' lang='lat' dir='ltr'>traditum</span> <span class='ocrx_word' id='word_1_23' title='bbox 494 694 633 776; x_wconf 91' lang='lat' dir='ltr'>capitum</span> <span class='ocrx_word' id='word_1_24' title='bbox 655 696 734 757; x_wconf 86' lang='lat' dir='ltr'>sexti</span> <span class='ocrx_word' id='word_1_25' title='bbox 757 698 788 756; x_wconf 90' lang='lat' dir='ltr'>et</span> <span class='ocrx_word' id='word_1_26' title='bbox 810 695 935 777; x_wconf 82' lang='lat' dir='ltr'>septimi</span> <span class='ocrx_word' id='word_1_27' title='bbox 951 695 1092 759; x_wconf 80' lang='lat' dir='ltr'>ordinem</span> <span class='ocrx_word' id='word_1_28' title='bbox 1113 697 1214 759; x_wconf 83' lang='lat' dir='ltr'>videri</span> <span class='ocrx_word' id='word_1_29' title='bbox 1235 696 1359 779; x_wconf 84' lang='lat' dir='ltr'>signifi-</span> 
     </span>
     <span class='ocr_line' id='line_1_5' title="bbox 177 791 1359 877; baseline 0 -18"><span class='ocrx_word' id='word_1_30' title='bbox 177 796 249 859; x_wconf 89' lang='lat' dir='ltr'>cari.</span> <span class='ocrx_word' id='word_1_31' title='bbox 257 795 278 877; x_wconf 88' lang='lat'>1)</span> <span class='ocrx_word' id='word_1_32' title='bbox 326 795 489 859; x_wconf 89' lang='lat' dir='ltr'>Postremo</span> <span class='ocrx_word' id='word_1_33' title='bbox 520 797 605 876; x_wconf 90' lang='lat' dir='ltr'>quod</span> <span class='ocrx_word' id='word_1_34' title='bbox 637 793 758 856; x_wconf 86' lang='lat' dir='ltr'>Birtius</span> <span class='ocrx_word' id='word_1_35' title='bbox 769 791 792 874; x_wconf 85' lang='lat'>²)</span> <span class='ocrx_word' id='word_1_36' title='bbox 826 798 949 857; x_wconf 80' lang='lat' dir='ltr'>sextum</span> <span class='ocrx_word' id='word_1_37' title='bbox 983 798 1077 876; x_wconf 90' lang='lat' dir='ltr'>caput</span> <span class='ocrx_word' id='word_1_38' title='bbox 1107 798 1179 859; x_wconf 89' lang='lat' dir='ltr'>ante</span> <span class='ocrx_word' id='word_1_39' title='bbox 1210 795 1359 877; x_wconf 91' lang='lat' dir='ltr'>quintum</span> 
     </span>
     <span class='ocr_line' id='line_1_6' title="bbox 177 884 1359 976; baseline 0 -18"><span class='ocrx_word' id='word_1_40' title='bbox 177 893 397 958; x_wconf 90' lang='lat' dir='ltr'>collocandum</span> <span class='ocrx_word' id='word_1_41' title='bbox 418 893 569 956; x_wconf 90' lang='lat' dir='ltr'>iudicavit</span> <span class='ocrx_word' id='word_1_42' title='bbox 590 897 718 976; x_wconf 91' lang='lat' dir='ltr'>propter</span> <span class='ocrx_word' id='word_1_43' title='bbox 740 914 848 957; x_wconf 90' lang='lat' dir='ltr'>eorum</span> <span class='ocrx_word' id='word_1_44' title='bbox 869 894 1046 967; x_wconf 84' lang='lat' dir='ltr'>verborum,</span> <span class='ocrx_word' id='word_1_45' title='bbox 1075 915 1155 975; x_wconf 90' lang='lat' dir='ltr'>quae</span> <span class='ocrx_word' id='word_1_46' title='bbox 1178 914 1201 956; x_wconf 89' lang='lat' dir='ltr'>c.</span> <span class='ocrx_word' id='word_1_47' title='bbox 1224 884 1252 970; x_wconf 60' lang='grc'>73,</span> <span class='ocrx_word' id='word_1_48' title='bbox 1274 900 1288 957; x_wconf 91' lang='grc'><strong>1</strong></span> <span class='ocrx_word' id='word_1_49' title='bbox 1313 894 1359 959; x_wconf 91' lang='lat' dir='ltr'>le-</span> 
     </span>
     <span class='ocr_line' id='line_1_7' title="bbox 177 977 1360 1076; baseline 0 -20"><span class='ocrx_word' id='word_1_50' title='bbox 177 998 306 1076; x_wconf 80' lang='lat' dir='ltr'>guntur:</span> <span class='ocrx_word' id='word_1_51' title='bbox 344 985 385 1058; x_wconf 85' lang='grc' dir='ltr'>Τὸ</span> <span class='ocrx_word' id='word_1_52' title='bbox 416 994 477 1076; x_wconf 78' lang='grc' dir='ltr'>μὲν</span> <span class='ocrx_word' id='word_1_53' title='bbox 509 977 571 1057; x_wconf 79' lang='grc' dir='ltr'>οὖν</span> <span class='ocrx_word' id='word_1_54' title='bbox 602 986 777 1068; x_wconf 75' lang='grc' dir='ltr'><em>λεκτικοὺς</em></span> <span class='ocrx_word' id='word_1_55' title='bbox 804 992 860 1055; x_wconf 86' lang='grc' dir='ltr'>καὶ</span> <span class='ocrx_word' id='word_1_56' title='bbox 886 986 1150 1075; x_wconf 80' lang='grc' dir='ltr'><em>πρακτικοὺς..</em></span> <span class='ocrx_word' id='word_1_57' title='bbox 1181 993 1360 1075; x_wconf 77' lang='grc' dir='ltr'><em>γίγνεσθαι</em></span> 
     </span>
     <span class='ocr_line' id='line_1_8' title="bbox 177 1084 1359 1174; baseline 0 -17"><span class='ocrx_word' id='word_1_58' title='bbox 177 1086 257 1168; x_wconf 82' lang='grc' dir='ltr'>τούς</span> <span class='ocrx_word' id='word_1_59' title='bbox 279 1084 444 1167; x_wconf 79' lang='grc' dir='ltr'><em>συνόντας</em></span> <span class='ocrx_word' id='word_1_60' title='bbox 475 1141 559 1169; x_wconf 91' lang='grc'><strong>...,</strong></span> <span class='ocrx_word' id='word_1_61' title='bbox 596 1091 746 1162; x_wconf 83' lang='lat' dir='ltr'>ordinem,</span> <span class='ocrx_word' id='word_1_62' title='bbox 778 1114 817 1155; x_wconf 92' lang='lat' dir='ltr'>ne</span> <span class='ocrx_word' id='word_1_63' title='bbox 847 1096 905 1154; x_wconf 93' lang='lat' dir='ltr'>hoc</span> <span class='ocrx_word' id='word_1_64' title='bbox 933 1091 1058 1172; x_wconf 93' lang='lat' dir='ltr'>quidem</span> <span class='ocrx_word' id='word_1_65' title='bbox 1079 1093 1278 1174; x_wconf 90' lang='lat' dir='ltr'>probandum</span> <span class='ocrx_word' id='word_1_66' title='bbox 1302 1098 1359 1157; x_wconf 90' lang='lat' dir='ltr'>est.</span> 
     </span>
     <span class='ocr_line' id='line_1_9' title="bbox 176 1189 1359 1276; baseline 0.001 -21"><span class='ocrx_word' id='word_1_67' title='bbox 176 1189 262 1256; x_wconf 88' lang='lat' dir='ltr'>Nam</span> <span class='ocrx_word' id='word_1_68' title='bbox 287 1193 615 1274; x_wconf 89' lang='lat' dir='ltr'>praeterquamquod</span> <span class='ocrx_word' id='word_1_69' title='bbox 641 1190 678 1267; x_wconf 92' lang='lat' dir='ltr'>ei,</span> <span class='ocrx_word' id='word_1_70' title='bbox 706 1189 762 1272; x_wconf 92' lang='lat' dir='ltr'>qui</span> <span class='ocrx_word' id='word_1_71' title='bbox 784 1190 895 1254; x_wconf 91' lang='lat' dir='ltr'>ceteris</span> <span class='ocrx_word' id='word_1_72' title='bbox 923 1191 1220 1254; x_wconf 87' lang='lat' dir='ltr'>commentariorum</span> <span class='ocrx_word' id='word_1_73' title='bbox 1242 1190 1359 1276; x_wconf 77' lang='lat' dir='ltr'>locis3)</span> 
     </span>
     <span class='ocr_line' id='line_1_10' title="bbox 177 1279 1360 1371; baseline 0.002 -17"><span class='ocrx_word' id='word_1_74' title='bbox 177 1294 317 1354; x_wconf 82' lang='lat' dir='ltr'>servatus</span> <span class='ocrx_word' id='word_1_75' title='bbox 340 1294 396 1366; x_wconf 90' lang='lat' dir='ltr'>est,</span> <span class='ocrx_word' id='word_1_76' title='bbox 419 1290 522 1354; x_wconf 91' lang='lat' dir='ltr'>ordini</span> <span class='ocrx_word' id='word_1_77' title='bbox 544 1289 596 1352; x_wconf 90' lang='lat' dir='ltr'>ille</span> <span class='ocrx_word' id='word_1_78' title='bbox 619 1295 816 1371; x_wconf 77' lang='lat' dir='ltr'>repugnaret,</span> <span class='ocrx_word' id='word_1_79' title='bbox 839 1311 903 1353; x_wconf 91' lang='lat' dir='ltr'>uon</span> <span class='ocrx_word' id='word_1_80' title='bbox 924 1291 1018 1353; x_wconf 89' lang='lat' dir='ltr'>modo</span> <span class='ocrx_word' id='word_1_81' title='bbox 1035 1279 1187 1369; x_wconf 76' lang='grc' dir='ltr'><em>εὐσέβεια,</em></span> <span class='ocrx_word' id='word_1_82' title='bbox 1210 1291 1270 1355; x_wconf 85' lang='grc' dir='ltr'><strong>1.ε.</strong></span> <span class='ocrx_word' id='word_1_83' title='bbox 1294 1309 1360 1356; x_wconf 88' lang='grc' dir='ltr'>σω-</span> 
     </span>
     <span class='ocr_line' id='line_1_11' title="bbox 178 1380 1361 1474; baseline 0.002 -21"><span class='ocrx_word' id='word_1_84' title='bbox 178 1381 330 1471; x_wconf 78' lang='grc' dir='ltr'><em>φροσύνη</em></span> <span class='ocrx_word' id='word_1_85' title='bbox 352 1391 429 1472; x_wconf 81' lang='grc' dir='ltr'><em>περὶ</em></span> <span class='ocrx_word' id='word_1_86' title='bbox 447 1382 559 1466; x_wconf 80' lang='grc' dir='ltr'><em>θεούς,</em></span> <span class='ocrx_word' id='word_1_87' title='bbox 583 1389 619 1471; x_wconf 85' lang='lat' dir='ltr'>(c.</span> <span class='ocrx_word' id='word_1_88' title='bbox 643 1389 674 1471; x_wconf 91' lang='lat'>3)</span> <span class='ocrx_word' id='word_1_89' title='bbox 706 1394 736 1451; x_wconf 89' lang='lat' dir='ltr'>et</span> <span class='ocrx_word' id='word_1_90' title='bbox 759 1380 943 1472; x_wconf 76' lang='grc' dir='ltr'><em>ἐγκράτεια,</em></span> <span class='ocrx_word' id='word_1_91' title='bbox 970 1389 989 1452; x_wconf 91' lang='lat' dir='ltr'>i.</span> <span class='ocrx_word' id='word_1_92' title='bbox 1011 1411 1035 1452; x_wconf 88' lang='lat' dir='ltr'>e.</span> <span class='ocrx_word' id='word_1_93' title='bbox 1056 1383 1259 1474; x_wconf 80' lang='grc' dir='ltr'><em>σωφροσύνη</em></span> <span class='ocrx_word' id='word_1_94' title='bbox 1281 1392 1361 1474; x_wconf 80' lang='grc' dir='ltr'><em>περὶ</em></span> 
     </span>
     <span class='ocr_line' id='line_1_12' title="bbox 177 1479 1360 1572; baseline 0.003 -21"><span class='ocrx_word' id='word_1_95' title='bbox 177 1481 301 1565; x_wconf 75' lang='grc' dir='ltr'><em>αὐτοὺς</em></span> <span class='ocrx_word' id='word_1_96' title='bbox 323 1489 388 1552; x_wconf 90' lang='lat' dir='ltr'>sive</span> <span class='ocrx_word' id='word_1_97' title='bbox 407 1489 484 1571; x_wconf 81' lang='grc' dir='ltr'><em>περὶ</em></span> <span class='ocrx_word' id='word_1_98' title='bbox 506 1479 643 1572; x_wconf 77' lang='grc' dir='ltr'>ἡδονάς,</span> <span class='ocrx_word' id='word_1_99' title='bbox 665 1487 702 1567; x_wconf 89' lang='lat' dir='ltr'>(c.</span> <span class='ocrx_word' id='word_1_100' title='bbox 719 1491 749 1569; x_wconf 81' lang='lat'>5)</span> <span class='ocrx_word' id='word_1_101' title='bbox 773 1489 939 1553; x_wconf 86' lang='lat' dir='ltr'>coniuncta</span> <span class='ocrx_word' id='word_1_102' title='bbox 959 1492 991 1550; x_wconf 88' lang='lat' dir='ltr'>ct</span> <span class='ocrx_word' id='word_1_103' title='bbox 1009 1490 1089 1552; x_wconf 90' lang='lat' dir='ltr'>bene</span> <span class='ocrx_word' id='word_1_104' title='bbox 1111 1493 1142 1552; x_wconf 91' lang='lat' dir='ltr'>et</span> <span class='ocrx_word' id='word_1_105' title='bbox 1162 1494 1245 1554; x_wconf 87' lang='lat' dir='ltr'>reate</span> <span class='ocrx_word' id='word_1_106' title='bbox 1262 1491 1360 1554; x_wconf 90' lang='lat' dir='ltr'>disse-</span> 
     </span>
     <span class='ocr_line' id='line_1_13' title="bbox 176 1588 1361 1671; baseline 0.003 -21"><span class='ocrx_word' id='word_1_107' title='bbox 176 1589 265 1651; x_wconf 90' lang='lat' dir='ltr'>rendi</span> <span class='ocrx_word' id='word_1_108' title='bbox 287 1590 344 1651; x_wconf 93' lang='lat' dir='ltr'>art&#39;</span> <span class='ocrx_word' id='word_1_109' title='bbox 370 1589 405 1668; x_wconf 85' lang='lat' dir='ltr'>(c.</span> <span class='ocrx_word' id='word_1_110' title='bbox 430 1591 461 1671; x_wconf 86' lang='lat'>6)</span> <span class='ocrx_word' id='word_1_111' title='bbox 484 1588 630 1671; x_wconf 89' lang='lat' dir='ltr'>opposita</span> <span class='ocrx_word' id='word_1_112' title='bbox 657 1588 720 1651; x_wconf 87' lang='lat' dir='ltr'>sint</span> <span class='ocrx_word' id='word_1_113' title='bbox 746 1610 872 1651; x_wconf 88' lang='lat' dir='ltr'>necesse</span> <span class='ocrx_word' id='word_1_114' title='bbox 895 1591 949 1658; x_wconf 90' lang='lat' dir='ltr'>est,</span> <span class='ocrx_word' id='word_1_115' title='bbox 971 1589 1026 1651; x_wconf 88' lang='lat' dir='ltr'>sed</span> <span class='ocrx_word' id='word_1_116' title='bbox 1049 1589 1142 1652; x_wconf 90' lang='lat' dir='ltr'>etiam</span> <span class='ocrx_word' id='word_1_117' title='bbox 1163 1590 1281 1654; x_wconf 91' lang='lat' dir='ltr'>idcirco</span> <span class='ocrx_word' id='word_1_118' title='bbox 1296 1589 1361 1654; x_wconf 90' lang='lat' dir='ltr'>Xe-</span> 
     </span>
     <span class='ocr_line' id='line_1_14' title="bbox 178 1687 1360 1769; baseline 0.003 -20"><span class='ocrx_word' id='word_1_119' title='bbox 178 1688 372 1769; x_wconf 86' lang='lat' dir='ltr'>nophontem</span> <span class='ocrx_word' id='word_1_120' title='bbox 394 1687 449 1752; x_wconf 95' lang='lat' dir='ltr'>illo</span> <span class='ocrx_word' id='word_1_121' title='bbox 464 1690 632 1751; x_wconf 86' lang='lat' dir='ltr'>verborum</span> <span class='ocrx_word' id='word_1_122' title='bbox 654 1687 763 1750; x_wconf 87' lang='lat' dir='ltr'>ordine</span> <span class='ocrx_word' id='word_1_123' title='bbox 779 1709 803 1751; x_wconf 87' lang='lat' dir='ltr'>c.</span> <span class='ocrx_word' id='word_1_124' title='bbox 819 1691 846 1764; x_wconf 87' lang='lat'>3,</span> <span class='ocrx_word' id='word_1_125' title='bbox 866 1694 880 1751; x_wconf 90' lang='lat'>1</span> <span class='ocrx_word' id='word_1_126' title='bbox 897 1708 990 1750; x_wconf 88' lang='lat' dir='ltr'>usum</span> <span class='ocrx_word' id='word_1_127' title='bbox 1007 1709 1074 1750; x_wconf 89' lang='lat' dir='ltr'>esse</span> <span class='ocrx_word' id='word_1_128' title='bbox 1088 1690 1154 1751; x_wconf 84' lang='lat' dir='ltr'>veri</span> <span class='ocrx_word' id='word_1_129' title='bbox 1176 1689 1279 1753; x_wconf 92' lang='lat' dir='ltr'>simile</span> <span class='ocrx_word' id='word_1_130' title='bbox 1302 1694 1360 1768; x_wconf 91' lang='lat' dir='ltr'>est,</span> 
     </span>
     <span class='ocr_line' id='line_1_15' title="bbox 177 1776 1361 1869; baseline 0.003 -20"><span class='ocrx_word' id='word_1_131' title='bbox 177 1791 263 1869; x_wconf 93' lang='lat' dir='ltr'>quod</span> <span class='ocrx_word' id='word_1_132' title='bbox 284 1786 392 1868; x_wconf 79' lang='grc' dir='ltr'><em>λέγειν</em></span> <span class='ocrx_word' id='word_1_133' title='bbox 407 1808 445 1851; x_wconf 85' lang='grc' dir='ltr'>τε</span> <span class='ocrx_word' id='word_1_134' title='bbox 466 1788 520 1850; x_wconf 83' lang='grc' dir='ltr'>καὶ</span> <span class='ocrx_word' id='word_1_135' title='bbox 542 1776 707 1868; x_wconf 81' lang='grc' dir='ltr'><em>πράττειν</em></span> <span class='ocrx_word' id='word_1_136' title='bbox 729 1785 780 1867; x_wconf 88' lang='lat' dir='ltr'>(cf.</span> <span class='ocrx_word' id='word_1_137' title='bbox 805 1808 843 1847; x_wconf 87' lang='lat' dir='ltr'>ex</span> <span class='ocrx_word' id='word_1_138' title='bbox 866 1786 934 1867; x_wconf 92' lang='lat' dir='ltr'>ipso</span> <span class='ocrx_word' id='word_1_139' title='bbox 956 1786 1037 1850; x_wconf 92' lang='lat' dir='ltr'>libro</span> <span class='ocrx_word' id='word_1_140' title='bbox 1057 1792 1169 1868; x_wconf 89' lang='lat' dir='ltr'>quarto</span> <span class='ocrx_word' id='word_1_141' title='bbox 1193 1809 1217 1852; x_wconf 91' lang='grc' dir='ltr'>ο.</span> <span class='ocrx_word' id='word_1_142' title='bbox 1240 1795 1301 1866; x_wconf 83' lang='lat'>2,1</span> <span class='ocrx_word' id='word_1_143' title='bbox 1328 1794 1361 1853; x_wconf 92' lang='lat' dir='ltr'>et</span> 
     </span>
     <span class='ocr_line' id='line_1_16' title="bbox 178 1884 1361 1969; baseline 0.002 -19"><span class='ocrx_word' id='word_1_144' title='bbox 178 1908 201 1950; x_wconf 91' lang='lat' dir='ltr'>c.</span> <span class='ocrx_word' id='word_1_145' title='bbox 224 1892 252 1966; x_wconf 85' lang='lat'>2,</span> <span class='ocrx_word' id='word_1_146' title='bbox 275 1887 306 1969; x_wconf 87' lang='lat'>6)</span> <span class='ocrx_word' id='word_1_147' title='bbox 333 1887 498 1950; x_wconf 82' lang='lat' dir='ltr'>scribentis</span> <span class='ocrx_word' id='word_1_148' title='bbox 526 1887 630 1950; x_wconf 91' lang='lat' dir='ltr'>animo</span> <span class='ocrx_word' id='word_1_149' title='bbox 658 1887 876 1949; x_wconf 86' lang='lat' dir='ltr'>obversaretur</span> <span class='ocrx_word' id='word_1_150' title='bbox 908 1884 972 1962; x_wconf 86' lang='lat' dir='ltr'>vel,</span> <span class='ocrx_word' id='word_1_151' title='bbox 1009 1886 1035 1950; x_wconf 90' lang='lat' dir='ltr'>si</span> <span class='ocrx_word' id='word_1_152' title='bbox 1066 1886 1136 1968; x_wconf 91' lang='lat' dir='ltr'>quis</span> <span class='ocrx_word' id='word_1_153' title='bbox 1168 1887 1201 1950; x_wconf 90' lang='lat' dir='ltr'>id</span> <span class='ocrx_word' id='word_1_154' title='bbox 1230 1889 1361 1967; x_wconf 79' lang='lat' dir='ltr'>mavult,</span> 
     </span>
     <span class='ocr_line' id='line_1_17' title="bbox 178 1985 1288 2071; baseline 0.002 -22"><span class='ocrx_word' id='word_1_155' title='bbox 178 1987 349 2050; x_wconf 89' lang='lat' dir='ltr'>disserendi</span> <span class='ocrx_word' id='word_1_156' title='bbox 371 1986 431 2049; x_wconf 90' lang='lat' dir='ltr'>arti</span> <span class='ocrx_word' id='word_1_157' title='bbox 452 1985 490 2067; x_wconf 83' lang='lat' dir='ltr'>(c.</span> <span class='ocrx_word' id='word_1_158' title='bbox 506 1985 536 2067; x_wconf 77' lang='lat' dir='ltr'>(i)</span> <span class='ocrx_word' id='word_1_159' title='bbox 558 1985 630 2068; x_wconf 88' lang='lat' dir='ltr'>plus</span> <span class='ocrx_word' id='word_1_160' title='bbox 652 1985 804 2048; x_wconf 85' lang='lat' dir='ltr'>tribueret</span> <span class='ocrx_word' id='word_1_161' title='bbox 826 2006 921 2066; x_wconf 91' lang='lat' dir='ltr'>quam</span> <span class='ocrx_word' id='word_1_162' title='bbox 942 1987 1166 2067; x_wconf 80' lang='lat' dir='ltr'>temperantiae</span> <span class='ocrx_word' id='word_1_163' title='bbox 1189 1986 1226 2071; x_wconf 84' lang='lat' dir='ltr'>(c.</span> <span class='ocrx_word' id='word_1_164' title='bbox 1250 1987 1288 2069; x_wconf 90' lang='lat'>5).</span> 
     </span>
    </p>
   </div>
   <div class='ocr_carea' id='block_1_3' title="bbox 178 2100 1360 2285">
    <p class='ocr_par' dir='ltr' id='par_1_3' title="bbox 178 2100 1360 2285">
     <span class='ocr_line' id='line_1_18' title="bbox 261 2100 1360 2187; baseline 0.002 -21"><span class='ocrx_word' id='word_1_165' title='bbox 261 2101 411 2185; x_wconf 83' lang='lat' dir='ltr'>Sequitur</span> <span class='ocrx_word' id='word_1_166' title='bbox 426 2101 530 2184; x_wconf 90' lang='lat' dir='ltr'>quarti</span> <span class='ocrx_word' id='word_1_167' title='bbox 546 2101 840 2165; x_wconf 82' lang='lat' dir='ltr'>commentariorum</span> <span class='ocrx_word' id='word_1_168' title='bbox 855 2100 929 2165; x_wconf 90' lang='lat' dir='ltr'>libri</span> <span class='ocrx_word' id='word_1_169' title='bbox 951 2101 1125 2184; x_wconf 87' lang='lat' dir='ltr'>dispositio,</span> <span class='ocrx_word' id='word_1_170' title='bbox 1148 2103 1274 2186; x_wconf 87' lang='lat' dir='ltr'>qualem</span> <span class='ocrx_word' id='word_1_171' title='bbox 1290 2106 1360 2187; x_wconf 92' lang='lat' dir='ltr'>qui·</span> 
     </span>
     <span class='ocr_line' id='line_1_19' title="bbox 178 2200 1102 2285; baseline 0.002 -21"><span class='ocrx_word' id='word_1_172' title='bbox 178 2205 250 2264; x_wconf 89' lang='lat' dir='ltr'>dem</span> <span class='ocrx_word' id='word_1_173' title='bbox 275 2221 333 2285; x_wconf 84' lang='lat' dir='ltr'>ego</span> <span class='ocrx_word' id='word_1_174' title='bbox 357 2226 374 2264; x_wconf 89' lang='lat' dir='ltr'>a</span> <span class='ocrx_word' id='word_1_175' title='bbox 396 2201 603 2282; x_wconf 86' lang='lat' dir='ltr'>Xenophonte</span> <span class='ocrx_word' id='word_1_176' title='bbox 627 2200 837 2283; x_wconf 79' lang='lat' dir='ltr'>excogitatam</span> <span class='ocrx_word' id='word_1_177' title='bbox 858 2223 924 2264; x_wconf 91' lang='lat' dir='ltr'>esse</span> <span class='ocrx_word' id='word_1_178' title='bbox 947 2223 1102 2267; x_wconf 89' lang='lat' dir='ltr'>censeam:</span> 
     </span>
    </p>
   </div>
   <div class='ocr_carea' id='block_1_4' title="bbox 326 2350 785 2432">
    <p class='ocr_par' dir='ltr' id='par_1_4' title="bbox 326 2350 785 2432">
     <span class='ocr_line' id='line_1_20' title="bbox 326 2350 785 2432; baseline -0.009 -14"><span class='ocrx_word' id='word_1_179' title='bbox 326 2354 358 2418; x_wconf 93' lang='grc' dir='ltr'>Ι.</span> <span class='ocrx_word' id='word_1_180' title='bbox 381 2352 613 2418; x_wconf 88' lang='lat' dir='ltr'>Prooemium</span> <span class='ocrx_word' id='word_1_181' title='bbox 636 2350 673 2432; x_wconf 82' lang='lat' dir='ltr'>(e.</span> <span class='ocrx_word' id='word_1_182' title='bbox 698 2357 722 2428; x_wconf 88' lang='lat'>1,</span> <span class='ocrx_word' id='word_1_183' title='bbox 748 2351 785 2432; x_wconf 86' lang='lat'>1).</span> 
     </span>
    </p>
   </div>
   <div class='ocr_carea' id='block_1_5' title="bbox 259 2481 1360 3015">
    <p class='ocr_par' dir='ltr' id='par_1_5' title="bbox 259 2481 1360 3015">
     <span class='ocr_line' id='line_1_21' title="bbox 303 2481 1338 2568; baseline -0.001 -17"><span class='ocrx_word' id='word_1_184' title='bbox 303 2487 355 2552; x_wconf 95' lang='grc' dir='ltr'>ΙΙ.</span> <span class='ocrx_word' id='word_1_185' title='bbox 379 2486 564 2552; x_wconf 78' lang='lat' dir='ltr'>Tractatio</span> <span class='ocrx_word' id='word_1_186' title='bbox 587 2482 645 2566; x_wconf 89' lang='lat' dir='ltr'>(de</span> <span class='ocrx_word' id='word_1_187' title='bbox 667 2483 858 2568; x_wconf 77' lang='lat' dir='ltr'>disciplina</span> <span class='ocrx_word' id='word_1_188' title='bbox 881 2481 1053 2567; x_wconf 86' lang='lat' dir='ltr'>Socratis)</span> <span class='ocrx_word' id='word_1_189' title='bbox 1076 2484 1113 2566; x_wconf 88' lang='lat' dir='ltr'>(c.</span> <span class='ocrx_word' id='word_1_190' title='bbox 1131 2491 1261 2564; x_wconf 81' lang='grc'><strong>1,2-1,</strong></span> <span class='ocrx_word' id='word_1_191' title='bbox 1280 2491 1338 2566; x_wconf 83' lang='grc'><strong>111).</strong></span> 
     </span>
     <span class='ocr_line' id='line_1_22' title="bbox 259 2598 1294 2683; baseline -0.001 -19"><span class='ocrx_word' id='word_1_192' title='bbox 259 2601 301 2678; x_wconf 88' lang='grc' dir='ltr'>Α)</span> <span class='ocrx_word' id='word_1_193' title='bbox 324 2600 460 2676; x_wconf 79' lang='lat' dir='ltr'>Quales</span> <span class='ocrx_word' id='word_1_194' title='bbox 484 2600 659 2664; x_wconf 86' lang='lat' dir='ltr'>Socrates</span> <span class='ocrx_word' id='word_1_195' title='bbox 682 2598 947 2663; x_wconf 89' lang='lat' dir='ltr'>adulescentes</span> <span class='ocrx_word' id='word_1_196' title='bbox 970 2600 1132 2683; x_wconf 82' lang='lat' dir='ltr'>elegerit</span> <span class='ocrx_word' id='word_1_197' title='bbox 1154 2603 1190 2681; x_wconf 86' lang='lat' dir='ltr'>(c.</span> <span class='ocrx_word' id='word_1_198' title='bbox 1208 2609 1233 2679; x_wconf 89' lang='lat'>1,</span> <span class='ocrx_word' id='word_1_199' title='bbox 1254 2602 1294 2682; x_wconf 83' lang='grc'>2).</span> 
     </span>
     <span class='ocr_line' id='line_1_23' title="bbox 261 2715 1274 2799; baseline -0.001 -19"><span class='ocrx_word' id='word_1_200' title='bbox 261 2718 301 2799; x_wconf 90' lang='grc' dir='ltr'>Β)</span> <span class='ocrx_word' id='word_1_201' title='bbox 323 2717 378 2780; x_wconf 91' lang='lat' dir='ltr'>De</span> <span class='ocrx_word' id='word_1_202' title='bbox 401 2715 712 2779; x_wconf 83' lang='lat' dir='ltr'>adulescentibus</span> <span class='ocrx_word' id='word_1_203' title='bbox 729 2717 981 2779; x_wconf 90' lang='lat' dir='ltr'>instituendis</span> <span class='ocrx_word' id='word_1_204' title='bbox 1004 2717 1041 2797; x_wconf 89' lang='lat' dir='ltr'>(c.</span> <span class='ocrx_word' id='word_1_205' title='bbox 1063 2724 1088 2795; x_wconf 88' lang='lat'>1,</span> <span class='ocrx_word' id='word_1_206' title='bbox 1104 2722 1194 2791; x_wconf 82' lang='lat'>3-7,</span> <span class='ocrx_word' id='word_1_207' title='bbox 1217 2719 1274 2793; x_wconf 85' lang='grc'><strong>10).</strong></span> 
     </span>
     <span class='ocr_line' id='line_1_24' title="bbox 347 2831 1080 2916; baseline -0.003 -18"><span class='ocrx_word' id='word_1_208' title='bbox 347 2833 376 2916; x_wconf 96' lang='grc'>1)</span> <span class='ocrx_word' id='word_1_209' title='bbox 404 2837 556 2906; x_wconf 77' lang='lat' dir='ltr'>Quomodo</span> <span class='ocrx_word' id='word_1_210' title='bbox 579 2855 627 2895; x_wconf 80' lang='grc' dir='ltr'>οοε</span> <span class='ocrx_word' id='word_1_211' title='bbox 648 2836 792 2895; x_wconf 66' lang='lat' dir='ltr'>alticoma</span> <span class='ocrx_word' id='word_1_212' title='bbox 814 2831 851 2911; x_wconf 90' lang='lat' dir='ltr'>(c.</span> <span class='ocrx_word' id='word_1_213' title='bbox 869 2839 894 2911; x_wconf 84' lang='lat'>1,</span> <span class='ocrx_word' id='word_1_214' title='bbox 911 2836 1000 2911; x_wconf 82' lang='lat'><strong>3-2‚</strong></span> <span class='ocrx_word' id='word_1_215' title='bbox 1016 2833 1080 2914; x_wconf 72' lang='lat'>39)</span> 
     </span>
     <span class='ocr_line' id='line_1_25' title="bbox 443 2930 1360 3015; baseline 0.002 -21"><span class='ocrx_word' id='word_1_216' title='bbox 443 2932 555 3014; x_wconf 91' lang='lat' dir='ltr'>quibus</span> <span class='ocrx_word' id='word_1_217' title='bbox 583 2931 702 2994; x_wconf 91' lang='lat' dir='ltr'>artibus</span> <span class='ocrx_word' id='word_1_218' title='bbox 726 2953 778 2994; x_wconf 90' lang='lat' dir='ltr'>eos</span> <span class='ocrx_word' id='word_1_219' title='bbox 803 2930 938 3011; x_wconf 90' lang='lat' dir='ltr'>illorum,</span> <span class='ocrx_word' id='word_1_220' title='bbox 962 2933 1016 3015; x_wconf 90' lang='lat' dir='ltr'>qui</span> <span class='ocrx_word' id='word_1_221' title='bbox 1038 2932 1121 2996; x_wconf 90' lang='lat' dir='ltr'>ultro</span> <span class='ocrx_word' id='word_1_222' title='bbox 1143 2932 1242 3014; x_wconf 89' lang='lat' dir='ltr'>ipsius</span> <span class='ocrx_word' id='word_1_223' title='bbox 1266 2932 1360 2996; x_wconf 92' lang='lat' dir='ltr'>disci·</span> 
     </span>
    </p>
   </div>
   <div class='ocr_carea' id='block_1_6' title="bbox 400 3031 1358 3195">
    <p class='ocr_par' dir='ltr' id='par_1_6' title="bbox 400 3031 1358 3195">
     <span class='ocr_line' id='line_1_26' title="bbox 400 3031 1358 3114; baseline 0.003 -20"><span class='ocrx_word' id='word_1_224' title='bbox 400 3031 520 3114; x_wconf 88' lang='lat' dir='ltr'>plinam</span> <span class='ocrx_word' id='word_1_225' title='bbox 547 3054 610 3095; x_wconf 90' lang='lat' dir='ltr'>non</span> <span class='ocrx_word' id='word_1_226' title='bbox 637 3033 854 3111; x_wconf 87' lang='lat' dir='ltr'>sequerentur,</span> <span class='ocrx_word' id='word_1_227' title='bbox 884 3034 923 3093; x_wconf 89' lang='lat' dir='ltr'>ad</span> <span class='ocrx_word' id='word_1_228' title='bbox 949 3054 982 3095; x_wconf 90' lang='lat' dir='ltr'>se</span> <span class='ocrx_word' id='word_1_229' title='bbox 1009 3031 1176 3109; x_wconf 89' lang='lat' dir='ltr'>allicuerit‚</span> <span class='ocrx_word' id='word_1_230' title='bbox 1204 3054 1262 3096; x_wconf 91' lang='lat' dir='ltr'>nec</span> <span class='ocrx_word' id='word_1_231' title='bbox 1284 3054 1358 3097; x_wconf 88' lang='lat' dir='ltr'>vero</span> 
     </span>
     <span class='ocr_line' id='line_1_27' title="bbox 404 3133 498 3195; baseline 0 -1"><span class='ocrx_word' id='word_1_232' title='bbox 404 3133 498 3195; x_wconf 89' lang='lat' dir='ltr'>modo</span> 
     </span>
    </p>
   </div>
   <div class='ocr_carea' id='block_1_7' title="bbox 424 3245 1358 3623">
    <p class='ocr_par' dir='ltr' id='par_1_7' title="bbox 424 3245 1358 3623">
     <span class='ocr_line' id='line_1_28' title="bbox 424 3245 616 3329; baseline -0.01 -19"><span class='ocrx_word' id='word_1_233' title='bbox 424 3246 453 3329; x_wconf 90' lang='lat' dir='ltr'>a)</span> <span class='ocrx_word' id='word_1_234' title='bbox 477 3269 537 3323; x_wconf 90' lang='lat' dir='ltr'>eos,</span> <span class='ocrx_word' id='word_1_235' title='bbox 561 3245 616 3328; x_wconf 93' lang='lat' dir='ltr'>qui</span> 
     </span>
     <span class='ocr_line' id='line_1_29' title="bbox 520 3344 1149 3429; baseline -0.002 -19"><span class='ocrx_word' id='word_1_236' title='bbox 520 3344 551 3428; x_wconf 91' lang='grc' dir='ltr'>α)</span> <span class='ocrx_word' id='word_1_237' title='bbox 574 3347 656 3408; x_wconf 92' lang='lat' dir='ltr'>bona</span> <span class='ocrx_word' id='word_1_238' title='bbox 677 3344 782 3409; x_wconf 91' lang='lat' dir='ltr'>indole</span> <span class='ocrx_word' id='word_1_239' title='bbox 805 3347 924 3426; x_wconf 88' lang='lat' dir='ltr'>confisi,</span> <span class='ocrx_word' id='word_1_240' title='bbox 947 3369 1070 3429; x_wconf 91' lang='lat' dir='ltr'>eosque,</span> <span class='ocrx_word' id='word_1_241' title='bbox 1094 3346 1149 3429; x_wconf 91' lang='lat' dir='ltr'>qui</span> 
     </span>
     <span class='ocr_line' id='line_1_30' title="bbox 520 3443 1358 3528; baseline 0.005 -23"><span class='ocrx_word' id='word_1_242' title='bbox 520 3445 551 3526; x_wconf 76' lang='grc' dir='ltr'>β)</span> <span class='ocrx_word' id='word_1_243' title='bbox 575 3443 695 3507; x_wconf 89' lang='lat' dir='ltr'>divitiis</span> <span class='ocrx_word' id='word_1_244' title='bbox 731 3444 805 3508; x_wconf 88' lang='lat' dir='ltr'>elati</span> <span class='ocrx_word' id='word_1_245' title='bbox 840 3446 1039 3510; x_wconf 89' lang='lat' dir='ltr'>institutione</span> <span class='ocrx_word' id='word_1_246' title='bbox 1075 3468 1139 3509; x_wconf 93' lang='lat' dir='ltr'>non</span> <span class='ocrx_word' id='word_1_247' title='bbox 1175 3465 1265 3528; x_wconf 85' lang='lat' dir='ltr'>egere</span> <span class='ocrx_word' id='word_1_248' title='bbox 1296 3447 1358 3510; x_wconf 93' lang='lat' dir='ltr'>sibi</span> 
     </span>
     <span class='ocr_line' id='line_1_31' title="bbox 577 3543 1158 3623; baseline 0.009 -17"><span class='ocrx_word' id='word_1_249' title='bbox 577 3543 757 3606; x_wconf 83' lang='lat' dir='ltr'>viderentur</span> <span class='ocrx_word' id='word_1_250' title='bbox 778 3547 815 3623; x_wconf 79' lang='lat' dir='ltr'>(c.</span> <span class='ocrx_word' id='word_1_251' title='bbox 836 3553 860 3623; x_wconf 91' lang='lat'>1,</span> <span class='ocrx_word' id='word_1_252' title='bbox 877 3550 957 3611; x_wconf 86' lang='grc'>3-4</span> <span class='ocrx_word' id='word_1_253' title='bbox 982 3551 1012 3609; x_wconf 95' lang='lat' dir='ltr'>et</span> <span class='ocrx_word' id='word_1_254' title='bbox 1034 3568 1059 3609; x_wconf 92' lang='lat' dir='ltr'>c.</span> <span class='ocrx_word' id='word_1_255' title='bbox 1078 3553 1102 3623; x_wconf 95' lang='grc'>1,</span> <span class='ocrx_word' id='word_1_256' title='bbox 1118 3544 1158 3622; x_wconf 85' lang='grc'>5),</span> 
     </span>
    </p>
   </div>
   <div class='ocr_carea' id='block_1_8' title="bbox 347 3651 1358 3950">
    <p class='ocr_par' dir='ltr' id='par_1_8' title="bbox 347 3651 1358 3950">
     <span class='ocr_line' id='line_1_32' title="bbox 347 3651 514 3716; baseline -0.012 0"><span class='ocrx_word' id='word_1_257' title='bbox 347 3651 514 3716; x_wconf 85' lang='lat' dir='ltr'>sedetiam</span> 
     </span>
     <span class='ocr_line' id='line_1_33' title="bbox 422 3766 1358 3851; baseline 0 -20"><span class='ocrx_word' id='word_1_258' title='bbox 422 3766 455 3850; x_wconf 95' lang='lat' dir='ltr'>b)</span> <span class='ocrx_word' id='word_1_259' title='bbox 479 3790 543 3845; x_wconf 77' lang='lat' dir='ltr'>eOS,</span> <span class='ocrx_word' id='word_1_260' title='bbox 575 3767 631 3849; x_wconf 92' lang='lat' dir='ltr'>qui</span> <span class='ocrx_word' id='word_1_261' title='bbox 667 3767 837 3850; x_wconf 85' lang='lat' dir='ltr'>sapientiae</span> <span class='ocrx_word' id='word_1_262' title='bbox 868 3769 1016 3851; x_wconf 92' lang='lat' dir='ltr'>opinione</span> <span class='ocrx_word' id='word_1_263' title='bbox 1046 3769 1146 3831; x_wconf 85' lang='lat' dir='ltr'>inflati</span> <span class='ocrx_word' id='word_1_264' title='bbox 1179 3768 1265 3832; x_wconf 91' lang='lat' dir='ltr'>omni</span> <span class='ocrx_word' id='word_1_265' title='bbox 1293 3768 1358 3831; x_wconf 90' lang='lat' dir='ltr'>iam</span> 
     </span>
     <span class='ocr_line' id='line_1_34' title="bbox 480 3866 1357 3950; baseline 0.002 -21"><span class='ocrx_word' id='word_1_266' title='bbox 480 3866 647 3949; x_wconf 87' lang='lat' dir='ltr'>disciplina</span> <span class='ocrx_word' id='word_1_267' title='bbox 669 3890 702 3931; x_wconf 91' lang='lat' dir='ltr'>se</span> <span class='ocrx_word' id='word_1_268' title='bbox 725 3869 926 3950; x_wconf 85' lang='lat' dir='ltr'>supersedere</span> <span class='ocrx_word' id='word_1_269' title='bbox 948 3890 1040 3950; x_wconf 89' lang='lat' dir='ltr'>posse</span> <span class='ocrx_word' id='word_1_270' title='bbox 1062 3868 1277 3950; x_wconf 88' lang='lat' dir='ltr'>opinarentur:</span> <span class='ocrx_word' id='word_1_271' title='bbox 1299 3869 1357 3931; x_wconf 95' lang='lat' dir='ltr'>hos</span> 
     </span>
    </p>
   </div>
   <div class='ocr_carea' id='block_1_9' title="bbox 177 4037 386 4044">
    <p class='ocr_par' dir='ltr' id='par_1_9' title="bbox 177 4037 386 4044">
     <span class='ocr_line' id='line_1_35' title="bbox 177 4037 386 4044; baseline 0.005 -1"><span class='ocrx_word' id='word_1_272' title='bbox 177 4037 386 4044; x_wconf 79' lang='lat'><strong>——-..</strong></span> 
     </span>
    </p>
   </div>
   <div class='ocr_carea' id='block_1_10' title="bbox 306 4116 864 4184">
    <p class='ocr_par' dir='ltr' id='par_1_10' title="bbox 306 4116 864 4184">
     <span class='ocr_line' id='line_1_36' title="bbox 306 4116 864 4184; baseline -0.004 -14"><span class='ocrx_word' id='word_1_273' title='bbox 306 4116 434 4170; x_wconf 84' lang='lat' dir='ltr'>Ceterum</span> <span class='ocrx_word' id='word_1_274' title='bbox 452 4116 485 4169; x_wconf 89' lang='lat' dir='ltr'>cf.</span> <span class='ocrx_word' id='word_1_275' title='bbox 504 4132 574 4183; x_wconf 88' lang='lat' dir='ltr'>quae</span> <span class='ocrx_word' id='word_1_276' title='bbox 593 4116 687 4169; x_wconf 89' lang='lat' dir='ltr'>statim</span> <span class='ocrx_word' id='word_1_277' title='bbox 706 4119 864 4184; x_wconf 86' lang='lat' dir='ltr'>sequuntur.</span> 
     </span>
    </p>
   </div>
   <div class='ocr_carea' id='block_1_11' title="bbox 307 4285 570 4356">
    <p class='ocr_par' dir='ltr' id='par_1_11' title="bbox 307 4285 570 4356">
     <span class='ocr_line' id='line_1_37' title="bbox 307 4285 570 4356; baseline -0.004 -17"><span class='ocrx_word' id='word_1_278' title='bbox 307 4285 343 4340; x_wconf 86' lang='lat' dir='ltr'>cf.</span> <span class='ocrx_word' id='word_1_279' title='bbox 362 4303 385 4356; x_wconf 91' lang='lat' dir='ltr'>p.</span> <span class='ocrx_word' id='word_1_280' title='bbox 406 4290 446 4349; x_wconf 85' lang='lat'>11,</span> <span class='ocrx_word' id='word_1_281' title='bbox 466 4304 527 4339; x_wconf 87' lang='lat' dir='ltr'>ann.</span> <span class='ocrx_word' id='word_1_282' title='bbox 548 4290 570 4339; x_wconf 92' lang='lat'>1.</span> 
     </span>
    </p>
   </div>
   <div class='ocr_carea' id='block_1_12' title="bbox 0 0 1480 4770">
    <p class='ocr_par' dir='ltr' id='par_1_12' title="bbox 0 0 1480 4770">
     <span class='ocr_line' id='line_1_38' title="bbox 0 0 1480 4770; baseline 0 0"><span class='ocrx_word' id='word_1_283' title='bbox 0 0 1480 4770; x_wconf 95' lang='lat' dir='ltr'> </span> 
     </span>
    </p>
   </div>
  </div>
 </body>
</html>
