2940 4770
614 662 853 780 VITA.

250 1023 353 1088 Natus
384 1048 454 1090 sum
486 1025 674 1090 Guilielmus
705 1027 884 1092 Friderious
916 1029 1034 1094 Sohurr
1066 1030 1258 1115 Geislingae,
1288 1032 1321 1093 in

146 1142 263 1225 oppido
286 1140 547 1226 Vitlembergiae,
569 1168 594 1206 a.
611 1146 639 1209 d.
656 1143 711 1208 XI.
726 1144 794 1207 Kal.
811 1144 902 1210 Mart.
925 1146 999 1208 anni
1020 1147 1050 1209 h.
1073 1169 1095 1209 s.
1118 1146 1212 1211 LXV.
1234 1152 1323 1230 patre

146 1255 320 1336 Friderioo,
348 1263 446 1322 maore
471 1259 566 1323 Anna
594 1282 610 1323 e
638 1265 730 1344 genle
751 1261 839 1340 Doll,
867 1284 948 1345 quos
975 1244 1156 1326 etiamnunc
1182 1263 1323 1327 viventes

146 1379 235 1459 gralo
257 1374 374 1458 pioque
396 1374 501 1440 animo
525 1376 594 1441 oolo
610 1399 646 1441 ao
661 1399 796 1441 veneror.
825 1377 916 1442 Fidei
930 1379 1072 1443 addictus
1088 1401 1158 1443 sum
1173 1379 1323 1443 Christia-

146 1512 267 1570 norum,
289 1491 482 1555 confessioni
505 1492 711 1576 evangelicae.

248 1609 297 1672 Ao
322 1608 432 1691 primis
458 1608 635 1672 litterarum
663 1610 823 1674 elementis
854 1611 888 1673 in
915 1611 991 1674 ludo
1019 1611 1170 1675 litterario
1202 1612 1321 1694 patriae

145 1722 286 1788 imbutus
308 1725 445 1807 primum
467 1725 699 1808 paedagogium
715 1724 939 1810 Geislingense‚
963 1727 1075 1790 deiude
1096 1727 1221 1810 lyoeum
1237 1726 1322 1791 Nur-

144 1839 297 1924 tingense,
318 1846 479 1924 postremo
502 1842 702 1925 gymnasium
728 1842 927 1926 frequenlovi
949 1842 1110 1923 Ulmonse‚
1143 1847 1229 1927 quod
1255 1850 1321 1907 luni

146 1955 279 2021 florebat
300 1961 420 2021 rectore
442 1955 633 2022 Huuuauuo
657 1958 831 2031 Baunnno,
863 1960 928 2023 viro
957 1965 987 2022 et
1017 1982 1139 2023 summa
1162 1961 1322 2024 doetrinae

143 2072 237 2137 laude
259 2078 290 2138 el
315 2073 441 2158 egregia
468 2074 601 2137 dooendi
624 2080 689 2138 arte
712 2074 883 2154 excellenti,
899 2098 993 2158 quem
1008 2098 1108 2158 nuper
1122 2076 1322 2140 immaturam

145 2195 277 2253 mortem
304 2190 407 2255 obisse
429 2209 620 2273 magnopere
643 2191 743 2257 doleo,
780 2191 849 2255 Iam
873 2214 944 2255 vero
967 2214 1049 2255 anno
1067 2191 1235 2258 LXXXIII.
1258 2217 1322 2256 ma-

144 2305 282 2396 turitatis
305 2307 522 2370 testimonium
543 2313 704 2371 assecutus
718 2307 898 2391 Tubingam
912 2330 962 2371 me
978 2308 1098 2371 contuli
1113 2309 1191 2372 etin
1207 2310 1322 2372 civium

144 2423 396 2487 academicorum
411 2423 511 2488 almae
526 2425 634 2488 matris
650 2446 817 2487 numerum
831 2429 975 2506 receptus
986 2425 1086 2487 sexies
1096 2446 1188 2488 senos
1199 2448 1321 2489 menses

143 2538 364 2622 philosophiae
386 2540 585 2624 maximeque
607 2540 805 2624 antiquitatis
828 2540 941 2603 studiis
965 2561 1091 2622 operam
1113 2541 1197 2618 dedi3
1225 2545 1321 2606 doou-

145 2660 237 2719 erunt
266 2678 315 2720 me
345 2656 405 2719 viri
437 2656 624 2720 doctissimi:
657 2655 829 2735 (ininsula,
860 2677 904 2719 un
935 2656 1143 2735 Gunsounm,
1176 2656 1320 2738 Hamus,

143 2771 277 2852 Roimn,
308 2772 485 2848 Sonwnon,
517 2771 668 2852 Smnnns,
705 2772 872 2852 Smwmn,
910 2773 1025 2856 quibus
1061 2773 1136 2837 viris
1174 2774 1320 2838 omnibus

143 2889 313 2952 maximam
341 2889 439 2952 debeo
468 2889 610 2973 gratiam.
654 2888 807 2952 Examina
837 2893 942 2952 aulem
973 2890 1101 2972 publico
1138 2911 1210 2953 vere
1245 2891 1320 2953 anni

143 3003 344 3069 LXXXVIII.
359 3004 438 3068 bene
453 3009 579 3088 peraeto
595 3010 765 3089 poslquam
779 3005 813 3068 in
828 3005 1044 3087 compluribus
1065 3007 1185 3088 patriae
1207 3007 1320 3070 scholis

144 3119 250 3184 latinis
265 3121 502 3204 gymnasiisque
517 3123 556 3184 ad
572 3126 696 3205 tempus
711 3122 923 3204 praeceptoris
931 3122 1040 3186 vicarii
1055 3144 1183 3185 munere
1192 3123 1319 3186 functus

144 3259 214 3300 sum
229 3242 260 3300 et
273 3237 423 3302 Monaohi
438 3260 555 3301 annum
571 3238 697 3302 soholae
711 3238 853 3321 privatae
868 3238 1001 3320 praefui,
1020 3238 1136 3302 abhino
1151 3259 1205 3301 sex
1220 3259 1319 3301 annos

143 3354 355 3437 praeceptoris
383 3354 543 3418 auxiliaris
571 3354 697 3419 scholae
723 3355 838 3419 latinae
861 3353 1176 3438 Mergenlheimensis
1203 3375 1318 3415 munus

143 3471 183 3532 ad
204 3492 255 3533 me
276 3476 323 3533 est
345 3471 491 3549 delatum,
514 3493 576 3554 quo
599 3470 778 3535 etiamnunc
800 3472 925 3554 fungor.
