2940 4770
639 354 824 413 ,6-

145 512 372 594 Xenophontea
395 534 461 575 esse
482 511 610 589 iudicet,
637 511 865 589 Hartmannus‚
892 513 948 623 qui
974 513 1101 596 quidem
1127 516 1334 597 superiorum

144 613 297 675 librorum
328 612 478 676 maiorem
508 614 629 693 partem
661 612 727 674 eius
758 612 855 694 script
856 612 918 675 oris
949 612 1107 677 existimet
1135 636 1201 678 esse
1231 637 1333 698 quam

145 711 211 790 ille,
243 714 344 775 dete
346 711 488 775 tolibro
516 714 628 792 quarto
655 714 780 793 praeter
809 715 957 823 quartum
979 717 1087 795 caput,
1114 716 1199 796 quod
1221 713 1334 779 Xeno·

144 812 244 894 phont
247 833 317 873 eum
343 715 392 872 1111
419 811 560 894 quidem,
587 813 641 872 sed
667 810 770 874 alieno
792 811 863 875 loeo
884 812 969 893 posit
971 834 1024 874 um
1045 812 1226 895 videatur1),
1248 814 1333 878 nihil

144 910 206 973 nisi
221 915 315 992 caput
330 908 539 991 secundum2),
556 910 641 992 quod
656 910 765 974 reiecit
783 932 890 973 rursus
901 909 1070 989 Krehnius
1085 912 1123 974 ab
1138 912 1207 993 ipso
1224 911 1334 978 Xeno·

144 1011 260 1091 phonte
290 1010 451 1091 scriptum,
481 1008 603 1092 reliqua
635 1010 741 1072 omnia
770 1011 809 1072 ab
845 1009 914 1073 aliis
944 1009 1051 1073 addita
1080 1033 1146 1074 esse
1178 1015 1332 1079 11111131.

144 1109 245 1184 Quam
265 1111 298 1172 in
313 1109 499 1173 sententiam
515 1128 732 1191 quaecumque
748 1109 890 1191 argutius
906 1130 1001 1191 quam
1016 1110 1118 1174 verius
1134 1134 1152 1173 1
1166 1111 1241 1175 viris
1261 1112 1332 1176 illis

144 1209 334 1273 doctissimis
360 1210 519 1291 disputata
545 1212 618 1270 sunt
641 1208 852 1272 diversissima
873 1208 955 1270 inter
977 1230 1010 1271 11
1032 1209 1230 1292 maximeque
1253 1233 1332 1275 con-

143 1309 247 1386 traria,
270 1331 305 1370 ea
328 1307 515 1390 singillatim
535 1309 690 1391 persequi,
712 1312 953 1390 persequentem
974 1308 1117 1372 refellere
1139 1313 1233 1393 atque
1256 1314 1331 1374 red-

144 1428 274 1491 arguere
309 1409 348 1471 ab
383 1408 476 1471 huius
513 1408 785 1473 commentationis
816 1407 937 1472 ratione
966 1429 1002 1471 ac
1031 1408 1162 1473 consilio
1195 1413 1243 1473 est
1270 1410 1332 1474 111-

145 1531 244 1570 enum.
288 1506 389 1571 lmmo
411 1529 484 1570 vero
509 1506 648 1589 Sauppii,
670 1506 913 1584 Breitenbachii,
937 1512 1112 1572 ceterorum
1133 1510 1233 1590 probo
1257 1531 1331 1573 sen-

142 1607 274 1669 tentiam
302 1607 439 1687 exceptis
467 1607 575 1688 paucis
604 1607 793 1689 quibusdam
814 1605 892 1670 locis
915 1605 1028 1688 ineptis
1052 1607 1330 1691 Xenophonteque

142 1706 281 1788 indignis
317 1728 388 1769 vere
423 1706 667 1788 Xenophonteos
704 1706 945 1770 commentarios
982 1728 1047 1769 esse
1077 1707 1329 1772 existimantium

143 1806 188 1869 sic
221 1809 373 1884 statuane,
405 1809 445 1869 ad
474 1811 614 1870 nostram
641 1806 825 1869 memoriam
857 1807 912 1888 qui
942 1807 1060 1916 proditi
1087 1812 1173 1886 11111,
1197 1811 1329 1872 eosdem

142 1904 228 1983 illos,
258 1906 285 1968 11
314 1905 442 1988 quidem
470 1904 652 1969 universum
681 1905 797 1969 librum
824 1910 911 1987 spect
913 1906 1020 1983 everis,
1044 1907 1235 1987 compositos
1258 1930 1330 1972 esse

142 2005 216 2068 11)
208 2027 277 2086 ipso
303 2003 519 2087 Xenophonte.
562 2004 611 2069 lta
643 2010 697 2069 aut
699 2028 747 2069 em
775 2005 923 2087 disputat
883 2027 1020 2068 aionem
1048 2006 1123 2069 1111
1125 2011 1263 2085 1111111,
1291 2012 1330 2071 ut

143 2105 292 2187 primum,
320 2127 382 2187 quo
410 2105 542 2170 consilio
566 2104 741 2186 Xenophon
763 2105 920 2187 prioribus
942 2104 1032 2168 libris
1054 2105 1155 2169 tribus
1178 2107 1330 2171 adiecerit

144 2208 304 2286 quartum,
333 2205 444 2266 deinde
477 2226 539 2287 qua
566 2205 684 2270 ratione
711 2204 810 2285 ipsius
836 2203 910 2267 libri
937 2205 1041 2286 quarti
1068 2210 1330 2289 argumentorum

143 2303 285 2368 ordinem
308 2303 539 2386 excogitaverit,
563 2326 757 2386 quaeramus

226 2401 288 2464 Sed
313 2407 481 2486 antequam
511 2406 548 2466 de
577 2426 610 2466 re
639 2403 708 2484 ipsa
736 2404 820 2482 dieo,
847 2408 882 2466 ut
909 2403 986 2486 quid
1012 2405 1053 2467 sit
1079 2404 1171 2482 illud,
1201 2407 1239 2467 de
1262 2426 1328 2486 quo

147 2502 330 2584 disputatur,
354 2502 545 2584 explanetur,
568 2504 672 2585 quarti
694 2503 767 2565 libri
783 2508 1004 2587 argumentum
1018 2503 1156 2567 breviter
1170 2526 1329 2586 exponam

143 2623 270 2665 necesse
301 2606 355 2665 est.
402 2600 579 2684 Xenophon
608 2603 707 2684 igitur
737 2608 907 2685 postquam
940 2625 1011 2667 cum
1043 2604 1200 2684 prioribus
1236 2603 1328 2667 libris

144 2701 291 2766 conexuit
319 2705 466 2783 quartum
492 2702 574 2765 sicut
601 2726 638 2765 ex
663 2701 739 2780 11111,
765 2703 842 2766 item
871 2725 907 2766 11
934 2703 993 2766 1111
1022 2703 1152 2766 dicendo
1176 2724 1328 2784 apparere

144 2800 306 2864 Socratem
333 2801 382 2873 iis,
415 2801 470 2883 qui
500 2801 566 2865 eius
596 2802 821 2866 consuetudine
851 2807 1026 2879 uterentur,
1058 2824 1199 2865 summae
1228 2801 1328 2865 fuisse

142 2899 273 2963 utilitati
295 2898 422 2982 (111)
446 2941 484 2948 —
508 2925 581 2964 nam
607 2902 662 2966 ille
691 2893 836 2982 cipalalv
864 2896 944 2978 τοὺς
971 2892 1136 2978 συνόντας
1159 2898 1181 2977 1,
1198 2906 1257 2979 3,1
1283 2901 1329 2983 (11

142 2997 287 3081 111,1,1)
319 3000 409 3082 quasi
441 3002 600 3064 communi
628 3005 766 3083 quodam
792 3000 919 3064 vinculo
946 3001 1028 3063 inter
1055 3024 1087 3064 se
1113 3003 1221 3064 iuncta
1243 3006 1328 3080 sunt,

144 3121 361 3183 quaecumque
390 3122 490 3182 usque
520 3105 602 3163 adt
548 3101 673 3163 ltertii
702 3099 775 3162 libri
802 3100 898 3163 finem
924 3102 963 3163 ab
985 3099 1042 3164 illo
1063 3099 1136 3165 leco
1157 3102 1329 3163 traduntur
1415 3103 1417 3107 ’

144 3199 281 3281 disparia
312 3203 342 3262 et
328 3198 597 3263 tdissimilia—
600 3200 785 3280 ,eiusmodi
815 3202 939 3263 tantum
971 3198 1220 3263 adulescentium
1252 3221 1327 3263 con·

143 3300 343 3363 suetudinem
374 3299 503 3380 exponit
533 3323 603 3362 eum
632 3299 834 3382 appetivisse,
865 3301 921 3382 qui
946 3301 1025 3362 bene
1047 3302 1087 3362 ad
1108 3299 1257 3362 virtutem
1278 3299 1328 3362 in-

144 3398 255 3461 structi
277 3401 380 3461 essent
406 3422 424 3461 a
446 3403 571 3479 natura,
597 3400 753 3463 iudicasse
776 3402 878 3462 autern
901 3400 985 3463 bena
1006 3398 1134 3482 ingenia
1157 3420 1194 3460 ex
1216 3397 1326 3462 celeri·

142 3501 208 3561 tate
238 3498 432 3578 percipiendi
464 3502 494 3562 et
523 3501 607 3562 bona
637 3498 788 3563 memoria
819 3503 850 3561 et
881 3498 1022 3562 emnium
1052 3496 1179 3561 utilium
1210 3497 1327 3561 artium

144 3598 362 3660 discendarum
389 3598 506 3663 studio:
538 3599 618 3662 tales
646 3599 742 3676 enim,
768 3602 852 3662 recte
879 3599 905 3661 si
931 3597 1069 3661 instituti
1098 3600 1212 3675 essent,
1234 3597 1327 3661 illurn

144 3698 331 3760 arbitratum
358 3719 425 3760 esse
452 3720 504 3761 eos
532 3699 612 3778 fore,
644 3699 698 3781 qui
725 3720 788 3761 non
814 3700 908 3762 modo
935 3698 997 3780 ipsi
1020 3697 1126 3761 felices
1150 3700 1326 3774 evaderent,

144 3799 198 3860 sed
220 3795 314 3859 etiam
337 3794 407 3860 aliis
430 3797 612 3880 civitatique
634 3797 794 3861 felicitatis
817 3802 960 3861 auctores
984 3797 1169 3860 exsisterent
1188 3800 1226 3877 (c.
1243 3805 1268 3875 1,
1285 3797 1326 3873 2).

143 3895 265 3960 Deinde
288 3917 341 3958 eos
364 3896 496 3975 axillis,
519 3898 574 3979 qui
594 3898 678 3962 ultro
694 3896 832 3961 Socratis
855 3896 1054 3978 disciplinam
1076 3919 1139 3959 non
1158 3917 1326 3978 sequeren-
