2940 4770
630 299 830 358 ..16-

142 451 306 527 συνὸντας
329 481 400 522 cum
415 460 572 541 prioribus
588 460 629 522 sit
645 481 791 523 conexus.
803 460 824 541 ¹)
854 459 994 537 Accedit,
1017 461 1103 543 quod
1125 481 1233 522 omnes
1255 441 1342 521 fere¹

142 582 199 639 reS,
222 582 302 642 quac
323 582 378 642 per
400 565 547 641 quartum
569 558 684 623 librum
707 562 890 637 tractantur,
911 559 944 621 in
966 559 1123 641 prioribus
1144 560 1207 622 iam
1229 557 1323 621 libris

143 660 365 742 aliquomodo
388 663 539 722 tractatae
561 663 645 734 sunt;
669 682 708 721 an
731 680 846 736 censes,
872 663 907 721 ut
928 659 1019 741 plura
1040 681 1104 723 non
1127 661 1238 737 dicam,
1260 657 1323 721 Xe-

142 761 344 841 nophontem,
367 760 393 822 si
415 758 453 821 ab
476 759 566 822 initio
588 763 656 822 tota
678 757 896 822 Memorabilia
917 781 979 822 uno
1006 763 1114 823 tenore
1136 757 1324 840 scripsisset,

142 859 175 921 id
197 861 281 940 quod
303 881 342 921 ne
362 859 393 920 in
416 859 535 939 primos
558 858 684 939 quidem
707 861 784 922 duos
802 858 900 922 libros
916 861 1069 940 quadrare
1092 861 1215 923 constat
1224 857 1257 939 ²),
1272 856 1324 920 bis

144 962 253 1022 eadem
284 980 382 1041 eaque
414 961 520 1020 eadem
551 958 615 1021 fere
646 959 767 1021 ratione
798 959 884 1022 velut
913 958 985 1021 illos
1016 961 1054 1021 de
1083 949 1226 1042 εὐσεβείᾳ
1250 978 1325 1019 cum

143 1058 345 1121 Aristodemo
369 1056 403 1138 (l,
426 1059 456 1137 4)
480 1062 511 1120 et
532 1056 732 1139 Euthydemo
754 1058 821 1138 (lv,
843 1062 873 1137 3)
904 1080 1063 1122 sermones
1091 1057 1228 1122 Socratis
1251 1077 1324 1138 pro-

143 1158 320 1239 positarum
343 1161 398 1219 aut
419 1181 463 1235 ea,
485 1180 564 1239 quae
587 1156 640 1235 lll,
661 1162 679 1221 9
709 1160 746 1221 de
769 1158 949 1222 notionibus
973 1156 1141 1222 Socraticis
1163 1157 1325 1240 leguntur,

144 1257 205 1319 hoc
225 1257 296 1320 loco
319 1257 509 1320 inserturum
531 1257 636 1335 fuisse,
652 1257 678 1319 si
694 1257 870 1321 accuratius
892 1261 1001 1338 postea
1021 1257 1269 1340 diligentiusque
1285 1259 1325 1319 de

144 1356 213 1437 ipsa
234 1356 371 1421 Socratis
395 1356 568 1420 disserendi
599 1357 728 1429 rationo,
760 1357 841 1420 sicut
872 1358 975 1439 quarti
1005 1356 1078 1420 libri
1108 1358 1210 1439 capite
1233 1360 1323 1420 sexto

145 1456 227 1532 fecit,
259 1480 277 1517 a
298 1456 452 1538 principio
487 1455 637 1520 voluisset
667 1457 840 1539 explicare?
882 1457 1027 1539 Denique
1058 1462 1216 1537 postremo
1237 1456 1335 1520 tertii

145 1555 219 1618 libri
241 1555 341 1637 capite
365 1555 431 1637 (lll,
451 1555 508 1637 14),
524 1561 692 1637 postquam
707 1556 764 1619 sub
783 1556 877 1619 finem
893 1556 967 1619 libri
982 1557 1111 1620 liberius
1133 1579 1182 1621 res
1199 1556 1326 1638 disponi

147 1659 275 1736 coeptae
297 1659 377 1732 sunt,
392 1656 572 1718 universum
588 1678 667 1738 opus
683 1658 861 1720 confectum
884 1660 978 1737 atque
995 1656 1175 1720 ahsolutum
1190 1656 1324 1727 videtur,

145 1758 182 1816 ut
203 1777 321 1818 novum
344 1755 458 1817 librum
482 1757 621 1818 additam
653 1780 719 1819 esse
750 1779 841 1819 nemo
869 1778 932 1818 non
954 1756 1054 1837 possit
1076 1756 1190 1818 mirari.
1234 1754 1324 1830 Quae

147 1876 218 1917 curn
240 1855 284 1917 ita
306 1855 376 1933 sint,
396 1855 473 1936 quin
495 1859 624 1936 quartus
646 1855 726 1918 liber
748 1879 809 1918 non
834 1856 926 1919 simul
950 1878 1022 1919 cum
1045 1857 1156 1919 ceteris
1179 1855 1326 1937 scriptae,

148 1957 202 2016 sed
224 1959 333 2036 postea
355 1956 479 2017 additus
511 1956 560 2032 sit,
590 1955 718 2019 minime
748 1960 853 2037 potest
882 1954 1026 2018 dubitari.
1070 1953 1139 2029 Qua
1165 1958 1269 2018 autem
1291 1976 1326 2017 re

148 2053 321 2135 Xenophon
346 2058 499 2118 adductus
523 2059 670 2137 quartum
692 2056 808 2118 librum
829 2054 986 2138 prioribus
1008 2054 1132 2117 videtur
1155 2054 1326 2117 adiecisse?

148 2155 239 2229 erod
264 2158 348 2217 certo
372 2155 485 2218 confici
507 2177 599 2237 posse
622 2178 684 2217 non
706 2159 783 2237 puto
807 2155 960 2236 equidem.
1004 2152 1088 2216 Nam
1111 2153 1326 2236 compluribus

148 2253 257 2330 causis,
279 2253 416 2316 utillud
437 2255 563 2327 faceret,
596 2276 707 2317 censeo
739 2277 810 2318 eum
840 2254 953 2317 adduci
975 2254 1123 2334 potuisse.
1167 2254 1219 2318 Sic
1241 2255 1326 2318 enim

148 2352 299 2429 existima,
323 2358 377 2416 aut
401 2354 505 2434 ipsum
528 2348 776 2435 Xenophontem,
798 2358 966 2436 postquam
992 2357 1056 2416 tres
1078 2352 1175 2417 libros
1198 2376 1326 2436 compo-

148 2453 219 2530 suit,
242 2452 303 2516 nisi
325 2453 523 2535 disciplinam
550 2476 675 2536 quoque
703 2453 840 2517 Socratis
871 2452 1093 2534 descripsisset,
1115 2475 1226 2534 parurn
1248 2456 1334 2531 inte-7

149 2572 237 2635 gram
260 2553 372 2615 summi
395 2553 481 2616 illius
512 2553 692 2635 philosophi
716 2554 990 2635 praeceptorisque
1018 2553 1189 2636 imaginem
1211 2576 1244 2616 se
1266 2553 1330 2618 lec-

148 2652 270 2715 toribus
285 2652 485 2734 proposuisse
499 2652 691 2716 intellexisse
713 2657 767 2716 aut
781 2653 914 2715 aliorum
934 2675 1028 2716 causa
1050 2658 1197 2734 quartum
1212 2653 1330 2718 librum

150 2752 308 2825 adiecisse,
331 2751 395 2814 sive
411 2751 465 2813 alii
481 2751 641 2825 Socratici,
665 2757 700 2816 ut
714 2752 815 2829 Plato,
837 2752 1018 2821 Aeschines,
1035 2751 1249 2833 Antisthenes,
1264 2755 1329 2837 qui,

151 2851 252 2932 qualis
275 2850 420 2915 Socrates
443 2852 562 2929 fuisset,
592 2853 704 2915 melius
735 2852 794 2914 sibi
826 2852 1010 2934 cognovisse
1032 2852 1221 2930 viderentur,
1244 2857 1330 2936 quod

150 2973 260 3032 parum
282 2950 312 3011 id
336 2955 535 3033 perspectum
565 2953 702 3030 haberet,
725 2952 847 3014 crimini
875 2953 903 3015 ei
925 2951 1084 3015 dedissent
1105 2954 1171 3015 sive
1194 2957 1330 3030 eosdem,

151 3072 221 3113 cum
257 3050 358 3113 multa
393 3051 455 3113 iam
491 3054 529 3113 de
566 3050 693 3115 Socrate
727 3052 897 3116 memoriae
933 3052 1153 3133 prodidissent,
1191 3055 1332 3116 studeret

151 3149 308 3213 aemulari.

234 3253 340 3332 Atque
363 3256 398 3314 ut
420 3254 458 3313 ad
482 3250 615 3314 alterum
637 3250 729 3312 huius
746 3250 1017 3314 commentationis
1039 3250 1145 3314 locum
1160 3251 1331 3327 veniamus

152 3374 214 3433 qua
236 3350 357 3413 ratione
380 3351 483 3432 quarti
499 3351 793 3414 commentariorum
812 3350 886 3414 libri
908 3354 1165 3432 argumentorum
1189 3352 1331 3415 ordinem

151 3450 327 3531 Xenophon
343 3451 576 3533 excogitaverit,
594 3472 789 3532 quaeramus.
832 3449 988 3532 Equidem
1004 3452 1112 3513 eodem
1135 3451 1253 3528 ordine,
1269 3473 1332 3533 quo

151 3549 268 3613 tradita
299 3553 379 3626 sunt,
410 3554 594 3633 argumenta
623 3572 679 3632 per
711 3554 859 3632 quartum
888 3549 1005 3612 librum
1032 3552 1166 3612 tractata
1195 3551 1233 3613 ab
1263 3549 1333 3632 ipso

153 3649 363 3731 Xenophonte
384 3657 462 3729 puto
478 3649 656 3732 conscripta
678 3673 753 3713 esse.
790 3648 874 3712 Nam
897 3671 977 3731 quae
1000 3673 1017 3711 a
1040 3648 1254 3730 compluribus
1277 3651 1332 3714 ho-

152 3750 290 3814 minibus
314 3748 416 3813 doctis
437 3748 561 3831 prolata
582 3755 663 3818 sunt,
697 3754 733 3813 ut
760 3749 857 3812 alium
880 3753 974 3832 atque
995 3748 1146 3812 traditum
1168 3768 1333 3832 argumen-

239 4001 265 4152 ἐξ
284 4000 319 4140 dl
337 3999 420 4152 iiiia
439 4082 602 4136 Schanaium
626 4083 643 4135 1.
662 4101 683 4136 c,
702 4103 726 4153 p.
745 4086 846 4152 22aqq.
869 4086 897 4137 et
918 4085 951 4136 A.
969 4082 1160 4151 Doeringium‚
1180 4083 1230 4136 Die
1247 4083 1335 4137 Lehre

155 4171 201 4223 des
228 4171 351 4224 Socrates
379 4169 419 4222 als
445 4167 558 4222 sociales
584 4169 812 4238 Reformsystem,
842 4169 979 4222 Mtinchen
1004 4167 1083 4231 1895,
1109 4185 1135 4236 p.
1154 4170 1204 4222 103
1213 4186 1272 4236 sqq.
1296 4170 1335 4236 (et

154 4275 179 4327 p.
198 4256 333 4326 290sqq.).
