2940 4770
597 305 802 366 ..15-

189 466 361 534 Videamus
387 488 479 547 nuno,
509 466 644 549 quidex
668 467 900 549 comparatione
923 489 1038 546 eorum,
1070 490 1150 551 quae
1173 473 1284 552 quarto

107 570 190 633 libro
214 572 395 647 tractantur,
419 589 490 631 cum
511 567 558 646 iis,
574 589 654 650 quae
675 567 709 629 in
723 567 881 649 prioribus
903 567 992 632 libris
1006 567 1156 651 leguntur
1177 573 1286 633 eodem

106 669 303 752 pertinentia,
326 667 435 751 colligi
449 667 558 749 possit.
593 667 700 749 Atque
715 669 850 730 maxime
864 661 941 743 ,illos
956 668 1039 731 inter
1054 690 1086 732 se
1102 669 1286 751 discrepare,

107 770 134 834 si
156 770 227 852 quis
249 767 370 851 aliquid
391 789 504 851 operae
526 767 564 830 iis
586 766 728 850 legendis
750 767 844 848 dedit,
865 790 929 832 non
951 771 1056 850 potest
1077 791 1141 832 non
1163 769 1286 833 sentire.

108 868 209 945 Quid?
232 870 328 957 quod
336 871 460 931 tantum
481 869 564 930 inter
584 865 657 930 illos
679 867 756 929 mihi
771 867 895 931 videtur
909 868 1067 944 interesse,
1089 874 1133 948 ut,
1156 873 1286 952 quartus

107 969 188 1032 liber
213 969 292 1052 quin
322 971 395 1050 post
424 967 599 1048 superiores
630 966 766 1048 scriptus
793 968 841 1045 sit,
868 967 997 1031 minime
1018 968 1119 1049 possit
1140 967 1286 1030 dubitari.

108 1066 284 1150 Xenophon
307 1069 390 1130 enim
413 1088 485 1129 cum
507 1069 539 1129 11
560 1065 593 1128 in
619 1066 721 1148 primo
743 1066 824 1131 libro
848 1065 1010 1132 Socratem
1036 1089 1108 1131 cum
1130 1066 1286 1149 sophistis

107 1169 353 1250 quimercedem
370 1188 427 1248 pro
444 1165 611 1248 disciplina
626 1166 764 1248 accipere
780 1166 866 1231 soliti
881 1171 992 1246 essent,
1006 1188 1206 1249 nequaquam
1217 1188 1287 1229 con-

107 1269 272 1331 ferendum
294 1289 360 1331 esse
376 1267 490 1329 iterum
512 1287 548 1329 ae
563 1266 687 1348 saepius
703 1267 886 1350 gravissime
908 1268 1067 1332 monuerit
1077 1267 1098 1349 ¹)
1121 1267 1287 1349 ipsumque

107 1370 341 1449 praeceptorem
373 1389 439 1430 esse
470 1365 608 1430 noluisse
638 1364 731 1447 plane
761 1367 989 1448 praedicaverit
998 1367 1021 1450 2)
1049 1371 1081 1430 et
1101 1388 1158 1449 per
1179 1388 1287 1430 omnes

107 1471 171 1531 tres
192 1466 290 1530 libros
311 1466 441 1549 priores,
467 1465 659 1547 ubicumque
686 1488 801 1545 eorum,
829 1468 884 1549 qui
914 1467 1141 1531 consuetudine
1164 1467 1229 1529 eius
1252 1487 1288 1528 ac

54 1616 56 1621 ¹
109 1565 275 1647 disciplina
295 1565 472 1644 utebantur,
494 1565 685 1629 mentionem
712 1565 797 1644 facit,
824 1569 855 1629 et
876 1566 1066 1631 vocabulum
1089 1557 1288 1640 desiderator

110 1670 141 1729 et
161 1668 314 1748 μαθηταὶ
335 1664 575 1747 diligentissime
597 1664 744 1727 vitaverit
765 1666 885 1747 hosque
907 1656 1081 1746 συνόντας,
1098 1665 1287 1746 συνδιατρί-

109 1768 243 1842 βοντας,
266 1755 517 1840 συνουσιαστάς,
547 1759 709 1845 ἑταίρους,
733 1754 903 1848 ὁμιλητάς,
931 1768 1061 1847 φίλους,
1090 1767 1288 1847 γνωρίμους,

111 1863 319 1948 ἐπιτηδείους
342 1863 481 1928 Socratis
503 1865 669 1944 vocaverit,
685 1868 771 1928 totus
787 1864 868 1929 liber
883 1871 1013 1948 quartus
1029 1870 1159 1947 excepto
1176 1869 1288 1947 quarto

111 1964 246 2047 capitel)
269 1964 302 2027 in
323 1963 411 2027 nulla
433 1962 549 2027 aliare
571 1963 632 2026 nisi
653 1963 686 2025 in
707 1963 776 2046 ipsa
792 1965 928 2030 Socratis
951 1970 1092 2030 versatur
1114 1962 1289 2047 disciplina.

111 2062 259 2139 Quicum
280 2065 313 2127 in
335 2063 492 2146 prioribus
514 2063 603 2127 libris
618 2084 773 2145 nusquam
796 2068 880 2128 certa
896 2068 1031 2148 quadam
1046 2066 1097 2128 via
1117 2087 1153 2128 ac
1168 2064 1289 2128 ratione

110 2163 281 2229 familiares
303 2185 376 2228 suos
397 2163 574 2242 instituens,
594 2166 655 2241 sed,
677 2163 739 2225 nisi
760 2163 828 2245 ipse
850 2167 888 2226 de
910 2187 972 2246 qua
1000 2188 1032 2228 11
1053 2167 1205 2248 perpetua
1227 2165 1289 2227 dis-

110 2264 186 2326 serit
207 2264 356 2339 oratione,
379 2286 451 2328 cum
473 2263 543 2327 aliis
559 2284 681 2344 semper
695 2285 804 2326 eorum
819 2263 991 2346 disputans,
1007 2265 1084 2347 quin
1106 2265 1201 2328 etiam
1220 2286 1289 2346 per-

110 2383 258 2447 magnam
278 2367 400 2446 partem
424 2385 495 2427 oum
526 2363 612 2426 omni
643 2382 755 2446 genere
782 2363 946 2427 hominum
968 2368 1005 2427 de
1028 2365 1174 2428 omnibus
1196 2366 1289 2428 rebus

111 2484 268 2528 sermones
291 2464 454 2528 conferens
476 2463 652 2540 inducatur,
673 2461 718 2524 111
740 2466 853 2541 tamen,
875 2467 912 2525 11
930 2456 1190 2529 111111111111111
1210 2464 1290 2527 nibil

110 2565 171 2646 ipsi
201 2563 366 2646 loquentes
396 2562 544 2627 audiendi
575 2584 667 2626 eausa
697 2562 847 2626 interesse
880 2585 980 2646 eoque
1013 2566 1114 2641 modo,
1143 2564 1176 2625 id
1204 2566 1290 2645 quod

110 2663 281 2728 identidem
303 2662 510 2744 praedicatur,
541 2684 579 2725 ex
600 2661 663 2725 illis
692 2662 890 2726 sermonibus
916 2663 1053 2727 fructum
1078 2685 1187 2745 capere
1209 2663 1290 2728 sole·

111 2767 166 2826 ant
181 2799 218 2808 -
234 2786 307 2826 nam
329 2764 411 2827 hane
432 2761 579 2825 audiendi
594 2761 766 2825 utilitatem
780 2761 961 2844 Xenophon
982 2763 1149 2844 praecipue
1170 2766 1291 2845 spectat

111 2862 166 2927 illo
199 2853 345 2943 ὠφελεῖν
376 2855 456 2938 τοὺς
487 2852 652 2937 συνόντας
679 2860 875 2944 (I,3,1)-,
907 2867 1019 2944 quarto
1041 2862 1123 2926 libro
1146 2865 1289 2946 primum,

112 2962 220 3044 quales
250 2962 303 3026 ille
334 2961 549 3026 adulescentes
581 2961 720 3045 elegerit,
747 2961 863 3026 electos
894 2965 1160 3044 quemadmodum
1191 2965 1230 3024 ad
1258 2985 1291 3026 se

112 3061 275 3142 allicuerit,
298 3062 410 3126 deinde
432 3084 495 3144 qua
516 3061 637 3125 ratione
664 3083 717 3124 eos
740 3064 779 3123 ad
803 3060 992 3143 reipublicae
1015 3064 1169 3145 gerendae
1191 3064 1290 3125 artem

112 3183 300 3244 omnemque
314 3184 380 3225 rem
396 3164 564 3245 gerendam
578 3160 759 3240 instituerit,
774 3161 867 3224 unius
882 3182 999 3244 magna
1015 3184 1052 3224 ex
1066 3164 1154 3242 parte
1169 3159 1291 3242 Euthy-

110 3260 195 3324 demi
225 3261 367 3344 exemplo
398 3264 631 3325 demonstratur
661 3260 817 3342 simulque
846 3264 931 3324 certa
962 3263 1098 3343 quadam
1130 3264 1161 3322 et
1183 3263 1291 3323 eadem

112 3383 235 3444 semper
256 3362 377 3426 ratione
400 3365 431 3425 et
452 3361 503 3424 via
524 3363 558 3423 in
580 3359 835 3424 adulescentibus
861 3360 1062 3424 instituendis
1084 3359 1176 3422 illum
1198 3382 1291 3423 usum

113 3482 179 3524 esse
208 3480 274 3524 non
304 3461 400 3524 semel
432 3460 525 3543 plane
556 3460 711 3541 dicitur4),
743 3482 814 3524 cum
845 3482 883 3523 ne
913 3460 974 3524 hoc
1005 3460 1134 3542 quidem
1154 3460 1188 3522 in
1208 3459 1290 3523 libro

111 3560 265 3625 vocabula
288 3552 487 3637 διδάσκαλος
516 3564 571 3623 1111
600 3560 751 3644 μαθηταὶ
779 3563 970 3641 usurpentur
996 3563 1034 3638 et,
1066 3562 1157 3642 quasi
1184 3562 1293 3622 eadem

111 3682 161 3723 res
182 3682 273 3744 porro
300 3664 460 3738 tractetur,
486 3683 549 3724 non
576 3663 666 3742 quasi
695 3681 777 3724 nova
803 3661 958 3741 quaedam
979 3658 1137 3743 longeque
1159 3658 1221 3721 alia
1238 3680 1291 3722 res

111 3761 239 3823 tractari
260 3759 400 3845 incipiat,
422 3760 572 3824 transitus
594 3761 725 3842 parandi
748 3781 841 3823 causa
862 3757 944 3823 liber
964 3758 1020 3824 illo
1045 3749 1190 3840 ὠφελεῖν
1214 3751 1293 3834 τοὺς

198 4028 223 4096 1)
240 4027 261 4093 I,
279 4027 363 4094 2sqq.
382 4029 410 4079 et
427 4026 474 4088 60;
495 4028 520 4090 5,
539 4026 568 4089 63
591 4026 615 4088 6,
634 4025 717 4094 3sqq.
735 4025 763 4078 ct
781 4026 812 4076 11
822 4041 881 4091 sqq.

197 4112 345 4179 ffihzh

197 4197 222 4266 3)
240 4196 274 4250 cf.
293 4215 318 4266 p.
337 4198 421 4264 9eqq.

196 4281 371 4352 4111111111.
390 4281 478 4345 141
501 4282 525 4344 3,
545 4282 572 4343 13
598 4283 621 4344 7,
643 4282 665 4334 1.
