2940 4770
615 336 821 394 ..11-

130 494 426 560 commentariorum
456 496 577 578 local),
607 496 652 560 sic
681 496 716 560 in
746 500 858 579 quarto
889 494 971 558 libro
1001 485 1168 574 εὐσέβειαν
1195 495 1308 579 ἐγκρα-

132 596 203 681 τείᾳ
225 595 327 660 voluit
349 595 458 678 excipi

213 727 369 804 Quoniam
395 728 493 812 igitur
519 753 582 794 non
607 733 702 795 modo
729 733 876 794 octavum
903 730 1008 812 quarti
1028 728 1102 793 libri
1124 732 1230 812 caput,
1253 734 1308 793 sed

131 829 227 892 etiam
256 829 501 911 disputationem
521 828 609 893 illam
633 851 704 893 curn
725 829 845 912 Hippia
866 829 1008 911 sophista
1029 852 1047 892 a
1070 828 1198 893 Socrate
1220 830 1308 894 habi-

130 931 207 1007 tam,
239 950 318 1010 quae
349 929 451 1011 capite
482 933 594 1011 quarto
621 929 811 1009 continetur,
842 952 860 991 a
886 929 1013 1011 propria
1039 931 1144 1013 quarti
1164 929 1239 993 libri
1259 952 1308 993 10-

129 1028 215 1093 tione
245 1050 282 1091 ac
313 1028 458 1108 consilio,
487 1050 584 1111 ,quem
609 1029 642 1092 in
667 1029 866 1094 institutione
889 1028 1050 1093 Socratica
1075 1028 1193 1093 versari
1214 1052 1309 1112 supra

131 1128 249 1192 dictum
271 1128 360 1210 esu),
383 1129 550 1194 abhorrere
574 1129 869 1206 demonstravimus,
895 1151 979 1192 nunc
1006 1131 1044 1192 de
1064 1128 1121 1193 illo
1143 1128 1212 1211 ipso
1235 1152 1309 1194 000-

129 1228 200 1292 silio
228 1230 350 1292 duobus
376 1228 454 1292 locis
480 1229 525 1292 ita
551 1229 756 1312 explicemus,
783 1233 819 1292 ut
843 1229 947 1312 priore
974 1228 1044 1294 1000
1068 1251 1116 1308 00,
1142 1251 1222 1312 quae
1248 1231 1310 1294 hoc

129 1328 211 1393 libro
236 1331 412 1392 tractantur
438 1351 474 1392 eo
502 1329 688 1411 spectantia,
715 1352 771 1411 per
792 1352 825 1393 se
846 1329 915 1410 ipsa
938 1329 1182 1408 consideramus,
1209 1329 1308 1394 011010
1409 1368 1412 1375 ·

131 1431 169 1491 de
195 1428 427 1510 comparatione
455 1450 562 1492 eorum
584 1450 656 1493 cum
678 1429 729 1507 iis,
757 1451 838 1512 quae
863 1429 897 1491 in
919 1429 1132 1510 superioribus
1153 1428 1244 1493 libris
1265 1429 1308 1493 le·

131 1531 249 1610 guntur
271 1531 380 1592 eodem
402 1528 604 1610 pertinentia,
627 1529 824 1592 disseramus.
867 1528 1011 1593 Primum
1033 1528 1143 1612 igitur,
1171 1530 1249 1612 quid
1271 1553 1308 1593 ex

129 1627 199 1709 ipso
230 1632 343 1710 quarto
373 1628 455 1693 libro
485 1631 522 1691 de
548 1629 768 1712 Xenophontis
798 1629 831 1692 in
863 1651 900 1694 00
928 1628 1153 1693 conscribendo
1176 1629 1308 1694 consilio

131 1727 216 1791 effici
236 1728 351 1811 possit,
371 1728 540 1792 videamus.
584 1729 690 1811 Atque
715 1728 796 1792 illud
816 1730 954 1812 primum
976 1751 1047 1791 eum
1069 1731 1212 1791 secutum
1234 1751 1310 1807 esse,

129 1831 166 1890 ut
196 1827 378 1910 disciplinae
405 1826 544 1892 Socratis
573 1828 629 1892 1110
659 1829 741 1893 libro
771 1829 942 1912 imaginem
973 1828 1144 1907 exhiberet,
1173 1849 1244 1892 curn
1272 1851 1309 1891 ex

130 1928 209 2009 ipsis
235 1927 344 2010 primis
372 1928 494 1992 duobus
522 1928 688 2010 capitibus,
718 1930 844 2011 quibus,
872 1927 981 2010 quales
1012 1928 1066 1990 ille
1093 1927 1310 1992 adulescentes

133 2027 292 2111 elegisset,
330 2028 445 2092 electos
476 2028 590 2110 quibus
621 2030 753 2107 artibus,
790 2032 825 2091 01
854 2029 888 2092 10
917 2028 1017 2110 ipsius
1048 2027 1246 2110 disciplinam
1277 2050 1310 2092 se

131 2129 300 2205 traderent,
337 2129 518 2192 cohortatus
552 2132 646 2205 esset,
681 2128 873 2210 explanavit,
908 2127 1001 2191 facile
1029 2128 1129 2210 possit
1158 2126 1310 2212 intellegi,

132 2231 199 2290 tum
219 2225 443 2310 multomagis
466 2233 595 2310 apparet
617 2251 654 2292 ex
676 2229 728 2307 iis,
755 2249 834 2311 quae
859 2229 934 2291 inde
955 2228 1104 2311 leguntur
1126 2227 1310 2291 (101001110-

130 2328 217 2392 tione
242 2326 323 2409 ipsa,
349 2333 385 2392 ut
410 2330 474 2391 iam
499 2350 591 2392 nemo
617 2328 804 2411 intellegens
827 2327 908 2390 illud
933 2329 1034 2410 possit
1056 2328 1205 2391 dubitare.
1248 2327 1310 2391 Im-

131 2425 240 2508 primis
277 2432 382 2491 autem
419 2428 494 2511 quid
525 2428 586 2491 sibi
620 2426 796 2509 Xenophon
826 2428 860 2490 10
891 2431 1003 2510 quarto
1032 2427 1114 2492 libro
1145 2427 1309 2493 scribendo

131 2528 342 2609 proposuerit,
375 2550 413 2592 ex
442 2528 491 2591 his
520 2527 598 2610 ipsis
629 2527 798 2609 capitibus
828 2529 922 2591 tertio
955 2527 1036 2605 dico,
1064 2528 1188 2609 quint0,
1213 2531 1309 2603 sexte,

133 2627 278 2709 septim0‚
310 2649 443 2710 quorum
481 2627 694 2708 superioribus
730 2628 843 2705 tribua,
881 2630 1145 2710 quemadmodum
1179 2630 1218 2690 ad
1251 2627 1310 2690 rei-

131 2726 277 2809 publicae
304 2729 457 2810 gerendae
484 2731 583 2790 artem
609 2726 825 2791 adulescentes
851 2727 1040 2792 instituisset
1066 2725 1311 2804 80010100,Εο-

131 2826 274 2909 thydemi
294 2827 437 2909 exemplo
460 2827 637 2909 explicavit,
658 2828 801 2909 septimo,
824 2849 904 2910 quae
924 2827 979 2890 ille
995 2830 1032 2890 de
1046 2826 1176 2910 reliquis
1191 2826 1310 2890 artibus

132 2927 330 3010 maximeque
357 2927 602 3010 elegantioribus
629 2949 709 3009 quae
736 2927 883 2991 dicuntur
903 2926 1084 3005 iudicasset,
1111 2926 1311 3008 paucioribus

133 3026 281 3102 absolvit,
317 3027 409 3109 plane
442 3027 520 3090 mihi
549 3026 675 3090 videtur
705 3049 862 3109 apparere.
905 3025 941 3090 ld
972 3027 1055 3089 enim
1085 3026 1118 3089 in
1145 3025 1312 3108 disciplina

134 3124 271 3191 Socratis
302 3132 414 3210 quarto
446 3127 528 3192 libro
562 3126 766 3190 describenda
791 3126 1032 3208 Xenophontem
1063 3125 1198 3189 arbitror
1222 3148 1311 3208 prae-

133 3227 224 3309 cipue
255 3231 424 3310 spectasse,
454 3231 490 3290 ut
521 3226 612 3289 illum
644 3231 729 3290 certa
759 3230 895 3310 quadam
926 3225 1047 3290 ratione
1075 3246 1111 3288 00
1137 3225 1188 3288 110
1215 3230 1246 3289 01
1272 3229 1312 3288 ad

133 3349 259 3391 omnem
286 3328 435 3392 virtutem
461 3326 631 3390 familiares
659 3348 732 3390 suos
758 3327 944 3390 informasse
967 3330 1009 3405 et,
1036 3329 1072 3388 ut
1094 3347 1166 3389 curn
1187 3328 1227 3388 ad
1248 3325 1311 3408 pri-

133 3431 251 3506 vatam,
280 3431 349 3490 tum
379 3430 418 3490 ad
451 3427 611 3509 publicam
647 3427 782 3490 maxime
813 3426 912 3490 vitam
944 3429 1024 3490 bene
1053 3427 1278 3489 instituendam
1287 3425 1310 3508 ³)

134 3527 200 3610 apti
221 3527 346 3605 fierent,
373 3548 409 3590 00
429 3530 565 3605 1001010,
593 3549 673 3610 quae
699 3529 739 3589 ad
764 3527 868 3608 ipsum
894 3526 977 3589 vitae
998 3547 1091 3588 usum
1112 3525 1312 3607 pertinerent,

134 3628 278 3692 docuisse
304 3629 510 3705 ostendendo,
536 3649 631 3711 quam
656 3625 763 3690 inania
784 3646 943 3709 quamque
964 3625 1081 3688 iniusta
1103 3625 1236 3688 crimina
1256 3623 1313 3687 illa

220 3877 245 3944 1)
263 3879 312 3942 1,1
331 3875 525 3941 011,2,1-8;
543 3875 681 3941 Ι,3,1-4
701 3874 728 3928 01
745 3875 766 3941 1,
779 3874 802 3938 3,
815 3875 882 3928 5-7
903 3873 946 3927 101
966 3875 1010 3936 14;
1025 3873 1075 3934 Ι,4
1093 3872 1152 3937 011,
1170 3873 1256 3939 asqq.

219 3961 245 4114 11
263 3963 440 4115 1101110111000
463 4042 600 4112 gerendae
622 4043 677 4098 arti
698 4043 781 4113 longe
798 4042 946 4113 plurimum
964 4040 1104 4095 Socratem
1122 4038 1251 4094 tribuisse
1269 4039 1313 4094 vel

134 4129 199 4184 inde
216 4132 307 4200 potest
322 4128 461 4197 intellegi,
484 4127 570 4197 quod,
593 4145 656 4182 cum
678 4129 786 4197 reliqua
808 4126 896 4181 omnis
920 4124 1068 4194 disciplina
1084 4142 1140 4180 uno
1158 4124 1248 4195 capite
1265 4124 1311 4177 ab·

135 4214 258 4269 solvatur
275 4214 399 4285 septimo,
413 4212 588 4282 Euthydemo
606 4213 643 4267 ad
659 4213 739 4267 111001
756 4214 844 4268 artem
862 4210 1033 4265 instituendo
1051 4210 1106 4264 tria
1117 4208 1209 4280 capita
1221 4209 1313 4263 danda

135 4315 192 4354 0000
210 4298 364 4369 Xenophon
382 4298 472 4361 duxit3
491 4299 610 4352 ceterum
629 4297 663 4351 cf.
680 4297 815 4368 imprimis
833 4297 866 4360 11,
888 4297 958 4361 1,17
977 4298 1005 4349 et
1022 4296 1068 4362 IV,
1090 4296 1167 4359 212.
