2940 4770
618 338 802 395 „7-

119 505 178 578 tur,
201 523 266 564 non
288 501 396 562 eadem
418 520 526 562 omnes
547 497 669 561 ratione
691 499 729 560 ab
753 518 790 561 eo
809 500 954 576 tentatos,
977 499 1032 560 sed
1045 519 1104 579 pro
1120 519 1176 561 suo
1192 518 1300 578 quem-

121 623 181 684 que
212 598 339 683 ingenio
371 619 407 662 ac
436 602 548 660 natura
579 596 648 660 aliis
679 596 777 660 alium
807 597 939 674 artibuS,
970 601 1005 660 ut
1031 597 1065 659 in
1086 595 1185 678 ipsius
1209 596 1300 660 disci-

119 699 240 781 plinam
280 720 347 761 sese
383 699 553 775 traderent,
588 697 737 761 incitatos
774 718 841 759 esse
878 696 1094 779 compluribus
1126 696 1301 779 explicatur

121 797 281 881 exemplis
323 797 372 861 Ac
402 797 539 879 primum
563 796 698 879 ,quidem
728 799 870 874 docetur,
903 800 1061 878 quomodo
1093 801 1124 859 et
1152 818 1217 874 eos,
1246 797 1301 878 qui

119 900 203 962 bona
224 897 331 961 indole
354 897 472 975 confisi,
494 899 526 959 et
546 894 627 970 illos,
651 895 705 978 qui
728 895 845 959 divitiis
868 895 949 973 elati,
973 917 1050 978 quas
1066 895 1142 960 satis
1158 896 1218 959 sibi
1234 919 1301 959 esse

120 1002 268 1080 putarent
293 1001 334 1060 ad
363 998 541 1079 peragenda
564 995 694 1060 consilia
721 997 934 1078 honoremque
964 995 1214 1077 adipiscendum,
1237 1019 1301 1060 non

121 1118 213 1181 egere
239 1097 299 1160 sibi
324 1097 523 1160 institutione
545 1095 738 1174 viderentur,
761 1095 872 1160 erroris
896 1094 1078 1173 convicerit,
1105 1117 1177 1159 cum
1198 1100 1300 1160 utros-

122 1220 182 1280 que
214 1196 418 1260 declaraverit
442 1194 571 1258 minime
597 1217 689 1277 posse
717 1217 753 1258 ea
779 1197 981 1275 supersedere
1003 1197 1084 1275 (1.1,
1104 1200 1185 1261 3-4
1208 1200 1239 1259 et
1262 1198 1300 1275 5).

120 1295 243 1360 Deinde
272 1296 477 1378 Euthydemi,
508 1294 715 1358 adulescentis
746 1296 812 1358 sine
843 1294 994 1376 magistro
1025 1295 1217 1377 reipublicae
1248 1315 1300 1378 ge-

120 1399 234 1459 rendae
257 1396 331 1459 artis
352 1415 484 1478 gnarum
500 1417 532 1458 se
549 1417 615 1458 esse
631 1393 803 1477 gloriantis,
827 1394 969 1474 exemplo
985 1395 1169 1474 ostenditur,
1192 1417 1301 1477 quern·

121 1499 290 1560 admodum
333 1493 477 1560 Socrates
518 1494 733 1558 adulescentes
769 1492 940 1575 sapientiae
985 1494 1133 1575 opinione
1174 1495 1300 1559 inflatos

121 1596 244 1673 adierit,
273 1595 374 1659 aditos
402 1594 574 1658 disserendi
603 1597 669 1656 arte
692 1597 786 1676 atque
809 1593 983 1656 subtilitate
1006 1615 1042 1657 eo
1064 1598 1223 1675 postremo
1247 1598 1301 1656 ad-

121 1695 255 1766 duxerit,
282 1697 318 1756 ut
345 1698 383 1757 de
410 1716 466 1756 sua
492 1693 554 1776 ipsi
580 1693 712 1757 scientia
739 1696 938 1775 desperantes
961 1714 1068 1755 earum
1090 1693 1232 1757 omniurn
1253 1717 1300 1758 re-

121 1817 203 1871 rum,
235 1816 313 1876 quas
345 1794 487 1877 cognitas
517 1797 609 1857 antea
639 1798 733 1876 atque
762 1796 943 1874 perspectas
974 1815 1007 1855 se
1038 1792 1152 1856 habere
1180 1794 1301 1875 opinati

122 1898 236 1970 essent,
262 1887 355 1975 plane
381 1915 414 1956 se
435 1893 561 1975 ignaros
584 1914 650 1955 esse
672 1893 897 1955 confiterentur
918 1905 955 1973 lc.
976 1898 1004 1971 2,
1026 1891 1148 1972 1-39).
1191 1892 1227 1956 In
1250 1916 1301 1956 ex-

120 1997 220 2057 tremo
252 1998 356 2057 autem
385 1993 486 2075 capite
517 1994 653 2056 secundo
684 1993 780 2055 refert
810 1991 997 2073 Xenophon,
1026 2014 1098 2056 curn
1125 1991 1179 2055 alii
1200 1992 1301 2073 multi,

122 2093 177 2175 qui
208 2098 312 2156 essent
340 2097 450 2157 eodem
480 2094 573 2155 modo
606 2095 700 2173 atque
722 2091 941 2173 Euthydemus
972 2090 1141 2156 aSocrate
1167 2098 1248 2157 tract
1267 2096 1301 2174 ti,

120 2194 184 2255 iam
215 2214 279 2255 non
309 2194 350 2254 ad
380 2214 451 2255 eum
480 2214 513 2254 se
540 2191 730 2268 conferrent,
752 2190 851 2269 illum,
875 2192 1017 2273 quamvis
1041 2192 1176 2256 demisso
1198 2194 1300 2276 primo

121 2292 233 2355 fuisset
263 2291 380 2368 animo,
410 2294 515 2354 tamen
546 2312 670 2354 summo
700 2292 804 2355 studio
836 2295 876 2354 ad
902 2315 973 2355 eum
1000 2313 1067 2354 sese
1094 2292 1301 2374 applicavisse

121 2414 214 2455 usum
243 2391 308 2454 eius
335 2395 429 2473 atque
456 2390 717 2455 consuetudinem
743 2413 884 2453 summae
911 2390 971 2454 sibi
997 2390 1127 2454 utilitati
1148 2392 1216 2455 fore
1239 2395 1302 2456 exi·

121 2491 315 2566 stimantem;
351 2489 512 2554 Socratem
546 2494 664 2569 autem,
694 2489 750 2553 ubi
776 2489 1011 2572 Euthydemum
1042 2491 1086 2553 ita
1118 2493 1303 2573 cognoverit

121 2591 226 2655 animo
249 2590 406 2664 affectum,
427 2593 565 2652 mentem
587 2590 654 2653 eius
676 2591 860 2670 perturbare
879 2613 1007 2672 prorsus
1023 2590 1179 2654 destitisse
1195 2614 1302 2675 eaque,

121 2711 202 2772 quae
232 2689 305 2753 sciri
332 2694 475 2771 oportere
502 2694 533 2752 et
560 2689 674 2771 quibus
702 2689 819 2770 optime
846 2690 986 2753 studium
1011 2691 1120 2753 navari
1141 2691 1303 2771 iudicaret,

120 2789 351 2871 simplicissime
373 2790 412 2852 ab
433 2787 489 2852 illo
511 2792 653 2870 tempore
675 2792 706 2850 et
727 2789 909 2869 planissime
930 2790 1132 2871 explicavisse
1148 2791 1186 2872 (c.
1199 2795 1227 2869 2,
1242 2791 1303 2872 40).

120 2886 235 2970 Neque
261 2892 366 2951 tamen
395 2888 483 2970 prius
510 2890 550 2950 ad
575 2887 803 2970 rempublicam
831 2893 1052 2970 capessendam
1079 2890 1194 2953 aliasve
1221 2894 1303 2953 artes

121 3010 193 3051 eum
220 2987 367 3051 statuisse
389 2988 603 3052 adulescentes
626 3010 693 3052 esse
713 2988 936 3063 instituendos,
960 3012 1055 3072 quam
1077 2989 1173 3052 animi
1195 3012 1303 3053 eorum

119 3087 235 3150 imbuti
262 3091 366 3151 essent
392 3081 610 3171 σωφροσύνῃε
642 3088 730 3152 cuius
759 3093 900 3169 expertes
928 3089 982 3171 qui
1003 3089 1090 3152 illius
1112 3089 1187 3152 artis
1210 3090 1304 3171 periti

121 3193 238 3266 essent,
274 3187 454 3251 iniustiores
485 3210 538 3251 eos
563 3187 613 3250 illi
642 3188 727 3252 visos
758 3209 825 3251 esse
856 3193 950 3270 atque
981 3191 1021 3250 ad
1051 3192 1233 3252 nocendum
1256 3194 1303 3251 in-

120 3288 314 3352 structiores,
356 3287 405 3351 Aa
426 3287 567 3369 primurn¹
586 3288 721 3370 quidem,
744 3293 779 3350 ut
800 3289 875 3368 περὶ
898 3282 1000 3362 θεοὺς
1023 3282 1212 3369 σώφρονας,
1235 3288 1254 3350 1.
1279 3311 1303 3353 1.

120 3385 190 3468 pios
221 3405 296 3470 erga
327 3389 414 3466 deos,
444 3386 615 3450 familiares
647 3409 719 3451 suos
746 3389 902 3471 redderet,
933 3409 1003 3450 eum
1031 3408 1159 3467 operam
1181 3387 1303 3451 dedisse

121 3486 159 3567 (c.
182 3491 242 3564 3,1
268 3490 298 3549 et
320 3492 338 3550 2
361 3487 448 3568 init).
492 3485 602 3568 ltaque
624 3486 768 3551 Socrates
790 3489 851 3551 hoc
874 3487 975 3569 capite
990 3485 1226 3568 Euthydemum
1248 3491 1303 3550 do-

121 3590 171 3649 cet
198 3589 273 3648 deos
301 3588 410 3668 generi
432 3588 569 3650 humano
597 3585 759 3650 consulere
786 3588 827 3650 ob
850 3608 982 3668 eamque
1005 3606 1131 3648 causam
1153 3585 1303 3650 colendos

122 3707 189 3749 esse
211 3685 249 3766 (o.
272 3690 299 3762 3,
321 3684 439 3769 2sqq.).
485 3685 637 3768 Sequenti
659 3689 763 3748 autem
786 3686 899 3767 capite,
923 3689 960 3748 de
983 3707 1046 3767 quo
1069 3686 1151 3748 infra
1163 3684 1184 3768 ¹)
1206 3685 1304 3767 pluri·

120 3785 180 3849 bus
207 3784 298 3849 nobis
327 3785 493 3849 dicendum
515 3787 586 3865 erit,
608 3785 760 3866 ampliore
781 3785 920 3866 praefixo
944 3785 1071 3850 exordio
1095 3806 1167 3848 cum
1186 3783 1305 3867 Hippia

121 3884 263 3966 sophista
288 3888 327 3948 de
352 3885 473 3949 iustitia
500 3885 565 3949 sive
592 3877 797 3967 σωφροσύνῃ
819 3887 896 3965 περὶ
919 3873 1127 3965 ἀνθρώπους
1149 3884 1304 3947 disserens

120 3983 281 4047 inducitur
307 3984 407 4065 (1.4).
454 3983 578 4048 Deinde
612 3985 714 4066 eapite
737 3984 846 4067 quinto
879 3983 1066 4066 Xenophon,
1097 3986 1132 4045 ut
1165 4005 1304 4066 πρακτι-

121 4082 293 4165 κωτέρους
324 4081 415 4146 illum
444 4072 614 4148 familiares
646 4107 718 4149 suos
747 4083 919 4147 reddidisse
942 4086 1142 4161 demonstret,
1166 4085 1204 4145 de
1226 4086 1304 4145 tem-

207 4298 231 4357 ll
250 4315 274 4367 p.
294 4298 379 4366 Ssqq.
