2940 4770
631 306 837 368 ..10-

142 494 209 536 esse
226 468 380 550 Geelius¹l
397 505 434 514 -
452 472 484 533 et
496 468 548 533 hic
563 468 689 551 quidem
706 469 902 550 prooemium
917 467 1021 532 solum
1037 502 1083 548 -,
1098 468 1328 557 Dindorfius2),

146 569 384 651 Schenlrelius3)
421 569 497 633 satis
533 568 626 633 certis
662 569 855 651 argumentis
890 567 969 631 mihi
999 571 1164 636 videantur
1194 575 1328 637 demon-

143 676 270 749 strasse,
301 672 339 734 de
372 670 441 751 ipso
470 668 607 734 Socratis
638 690 709 733 cum
732 667 851 751 Hippia
880 668 1022 751 sophista
1053 671 1090 732 de
1115 670 1238 736 iustitia
1259 695 1328 738 ser-

142 792 235 835 mone
261 770 305 833 ita
331 768 600 851 Breitenbachii⁴l
626 770 726 852 probo
754 767 955 847 sententiam,
981 772 1018 831 ut
1042 791 1106 833 non
1132 770 1227 834 simul
1251 793 1328 836 cum

143 869 254 934 ceteris
282 869 420 933 eiusdem
441 869 514 933 libri
537 868 746 945 sermonibus,
772 871 827 931 sed
848 871 958 949 postea
980 890 1051 932 eum
1073 891 1092 931 a
1111 867 1328 953 Xenophonte

143 969 356 1051 conscriptum
387 974 492 1052 atque,
525 990 596 1032 cum
627 968 727 1051 magis
758 967 890 1031 idoneus
919 967 1009 1031 locus
1031 970 1165 1048 deesset,
1195 970 1327 1034 casola

144 1072 181 1133 de
209 1091 315 1145 causa,
343 1072 428 1152 quod
458 1072 493 1131 ut
523 1068 683 1150 superiore
709 1067 811 1149 capite
839 1058 997 1145 εὐσέβεια,
1025 1067 1044 1132 i.
1066 1089 1091 1131 e.
1118 1061 1327 1152 σωφροσύνη

144 1170 221 1251 περὶ
246 1161 361 1245 θεούς,
389 1169 434 1233 sic
462 1172 574 1251 quarto
603 1160 812 1250 δικαιοσύνη,
839 1167 858 1227 i.
881 1190 905 1229 e.
931 1160 1136 1251 σωφροσύνη
1163 1168 1240 1251 περὶ
1267 1159 1328 1234 ἇν-

144 1264 323 1349 coureng,
351 1271 514 1345 tractetur,
541 1266 597 1331 illo
623 1267 694 1331 loco
720 1267 874 1330 insertum
901 1288 967 1330 esse
994 1288 1051 1348 pro
1074 1272 1159 1332 certo
1182 1268 1328 1333 habeam.

144 1364 228 1430 Nam
264 1371 299 1430 ut
334 1369 425 1450 plura
450 1388 513 1431 non
540 1367 655 1444 dicam,
691 1366 828 1448 primurn
853 1365 909 1428 illa
933 1365 1146 1447 disputatione
1172 1371 1329 1451 quattuor

144 1466 272 1531 illorum
301 1489 480 1531 sermonum
509 1487 581 1529 cum
607 1465 806 1548 Euthydemo
836 1489 854 1528 a
880 1465 1009 1530 Socrate
1035 1465 1216 1530 habitorum
1239 1470 1328 1547 orde,

145 1586 280 1648 quorum
305 1566 329 1629 ii
354 1566 427 1648 ipsi,
455 1565 510 1648 qui
536 1566 691 1648 capitibus
717 1565 823 1645 tertio,
850 1565 976 1648 quinto,
1003 1570 1091 1629 sexto
1114 1567 1329 1648 continentur,

145 1666 236 1748 quasi
265 1665 422 1730 artissimo
452 1664 577 1730 vinculo
606 1667 688 1729 inter
716 1688 749 1729 se
778 1666 959 1742 cohaerent,
995 1664 1110 1728 mirum
1138 1665 1172 1728 in
1193 1669 1328 1731 modurn

144 1763 390 1847 interrumpitur.
432 1764 554 1828 Deinde
580 1770 648 1828 tota
673 1764 729 1828 illa
756 1764 928 1848 disputatio
951 1787 969 1827 a
990 1765 1111 1829 ratione
1133 1786 1170 1829 ac
1192 1765 1328 1831 consilio

145 1863 250 1946 quarti
275 1863 362 1944 libri,
385 1864 439 1947 q'ui
468 1865 596 1947 quidem
622 1869 669 1929 est
697 1867 734 1928 de
757 1864 924 1946 disciplina
946 1863 1097 1942 Socratis,
1118 1863 1169 1928 vel
1189 1864 1328 1928 maxime

145 1964 300 2028 abhorret.
343 1965 449 2047 Atque
475 1963 627 2046 Hippiam
652 1964 826 2047 sophistam
853 1986 916 2028 non
941 1966 1036 2029 modo
1063 1963 1328 2043 adulescentibus

147 2063 201 2145 qui
227 2086 245 2126 a
267 2061 394 2127 Socrate
419 2064 532 2128 tentati
558 2064 698 2128 discendi
725 2086 819 2128 causa
840 2066 880 2127 ad
902 2087 973 2128 eum
995 2086 1062 2127 sese
1084 2063 1328 2146 applicaverant,

146 2165 201 2225 sed
222 2163 320 2227 neiis
343 2163 482 2247 quidem,
510 2164 565 2246 qui
587 2164 801 2228 familiaritate
828 2164 894 2228 eius
920 2165 1101 2241 utebantur,
1127 2163 1329 2227 annumerari
1416 2198 1421 2210 ·

146 2284 238 2345 posse
272 2285 310 2326 ex
345 2284 378 2325 se
411 2262 613 2346 intellegitur.
661 2261 727 2327 lam
757 2286 831 2328 vero
860 2263 942 2327 illud
968 2262 1129 2327 Socratem
1159 2267 1328 2345 spectasse,

144 2366 181 2425 ut
209 2361 414 2426 vanissimum
444 2362 535 2426 illum
566 2363 887 2447 superbissimumque
913 2363 1086 2445 sophistam
1111 2366 1151 2427 ad
1176 2362 1328 2427 virtutem

144 2465 328 2544 perduceret
362 2462 413 2526 vel
447 2462 612 2542 iustitiam,
648 2463 682 2525 id
712 2466 797 2546 quod
827 2463 1034 2546 interpolator
1064 2464 1134 2527 vult
1164 2463 1201 2545 (c.
1225 2468 1258 2537 4,
1284 2467 1326 2527 25

145 2561 242 2644 extr),
264 2565 319 2644 qui
340 2562 442 2644 qualis
465 2567 547 2627 esset
568 2565 706 2627 absurdo
721 2563 779 2627 illo
803 2565 917 2627 τεκαὶ
939 2554 1107 2645 πράττων
1130 2562 1236 2627 addito
1258 2562 1328 2644 ipse

145 2663 221 2726 satis
243 2661 374 2744 aperuit,
397 2683 469 2725 cum
490 2662 571 2725 nihil
591 2685 647 2745 per
669 2686 702 2727 se
722 2664 836 2726 habeat
850 2662 1091 2745 probabilitatis,
1113 2667 1182 2726 tum
1196 2660 1328 2726 minime

144 2762 177 2825 id
200 2784 271 2825 eum
292 2760 347 2824 illa
370 2761 581 2843 disputatione
604 2762 664 2827 sibi
686 2762 822 2827 voluisse
845 2784 883 2825 ex
904 2761 973 2844 ipso
995 2785 1139 2827 sermone
1157 2761 1328 2825 manifesto

145 2864 287 2943 apparet:
317 2861 415 2925 immo
447 2882 521 2925 vero
551 2861 632 2926 illud
662 2862 729 2927 sine
756 2861 851 2925 dubio
879 2883 915 2926 eo
942 2884 1084 2953 sermone
1112 2864 1329 2925 demonstrare

145 2960 214 3023 vult
238 2959 423 3043 Xenophon,
449 2965 570 3024 tantam
592 2959 730 3026 Socratis
753 2960 850 3024 fuisse
877 2965 976 3024 artem
1003 2960 1187 3038 disserendi,
1214 2963 1250 3046 ut
1275 2960 1329 3024 vel

145 3059 313 3125 acerrimos
346 3061 541 3126 adversarios
576 3060 662 3124 velut
692 3061 866 3144 sophistam
896 3059 986 3124 illum
1016 3060 1249 3125 nobilissimum
1279 3060 1328 3124 fa-

146 3159 262 3224 cillime
285 3161 485 3225 convinceret
506 3165 601 3243 atque
622 3163 831 3244 redargueret.
874 3160 1015 3239 Accedit,
1038 3162 1123 3243 quod
1140 3158 1327 3241 Xenophon,

145 3260 173 3323 si
199 3263 310 3342 postea
335 3259 424 3323 illam
451 3281 523 3324 cum
544 3259 664 3342 Hippia
686 3261 930 3343 disputationem
952 3282 988 3326 eo
1010 3259 1082 3325 loco
1103 3259 1249 3338 inseruit,
1275 3281 1327 3323 su-

145 3358 301 3440 periorem
333 3360 435 3442 primo
467 3361 603 3425 servavit
629 3365 886 3445 argumentorum
913 3361 1067 3438 ordinem,
1096 3381 1168 3423 cum
1193 3362 1229 3422 ut
1255 3358 1327 3423 aliis

230 3625 256 3693 1)
274 3624 298 3679 J.
317 3623 392 3692 Geel,
410 3624 450 3677 De
468 3623 657 3694 Xenophontis
675 3626 812 3696 Apologia
830 3624 947 3679 Socratis
965 3640 997 3678 ac
1014 3627 1151 3694 postremo
1170 3624 1260 3693 capite
1271 3624 1327 3676 Me-

146 3710 322 3764 morabilium
341 3709 547 3774 commentatio,
565 3709 691 3780 Lugduni
709 3711 878 3765 Batavorum
897 3709 971 3773 1836,
990 3727 1014 3779 p.
1034 3708 1086 3763 VH
1095 3725 1153 3777 sqq.

230 3812 255 3881 2)
274 3812 360 3882 praef.
379 3830 404 3883 p.
424 3810 475 3865 VH
484 3826 543 3878 sqq.

230 3915 255 3981 3)
274 3913 292 3968 l.
311 3930 332 3967 c.
351 3931 379 3981 p.
398 3914 447 3968 129
457 3929 516 3981 sqq.

228 4016 254 4084 4)
273 4015 302 4069 L.
325 4014 521 4079 Breitenbach‚
548 4014 714 4084 Xenophons
745 4011 968 4078 Memorabilien,
1000 4013 1106 4068 sechste
1132 4014 1202 4067 Aufl.
1231 4013 1325 4068 bearb.

145 4115 198 4152 von
228 4099 274 4154 Dr.
303 4098 335 4154 R.
361 4100 473 4164 Mtlclre,
502 4098 594 4153 Berlin
622 4100 702 4164 1889,
729 4099 814 4168 praef.
842 4117 868 4168 p.
889 4099 922 4153 10
948 4100 1040 4152 annot
1067 4100 1096 4152 et
1123 4097 1238 4168 append.
1265 4098 1325 4152 crit.

145 4183 180 4236 ad
198 4183 245 4248 lv,
264 4185 288 4239 3.
